<?xml version="1.0" encoding="UTF-8"?>
<!DOCTYPE html PUBLIC "-//W3C//DTD XHTML 1.0 Transitional//EN"
    "http://www.w3.org/TR/xhtml1/DTD/xhtml1-transitional.dtd">
<html xmlns="http://www.w3.org/1999/xhtml" xml:lang="en" lang="en">
 <head>
  <title>
</title>
<meta http-equiv="Content-Type" content="text/html;charset=utf-8" />
  <meta name='ocr-system' content='tesseract 3.04.00' />
  <meta name='ocr-capabilities' content='ocr_page ocr_carea ocr_par ocr_line ocrx_word'/>
</head>
<body>
  <div class='ocr_page' id='page_1' title='image "4773794_0034.png"; bbox 0 0 1892 2442; ppageno 0'>
   <div class='ocr_carea' id='block_1_1' title="bbox 763 51 1122 91">
    <p class='ocr_par' dir='ltr' id='par_1_1' title="bbox 763 51 1122 91">
     <span class='ocr_line' id='line_1_1' title="bbox 763 51 1122 91; baseline 0 -12"><span class='ocrx_word' id='word_1_1' title='bbox 763 71 825 79; x_wconf 83' lang='grc'><strong>-.</strong></span> <span class='ocrx_word' id='word_1_2' title='bbox 930 51 957 91; x_wconf 83' lang='grc'>9</span> <span class='ocrx_word' id='word_1_3' title='bbox 1062 72 1122 79; x_wconf 79' lang='grc'><strong>.-</strong></span> 
     </span>
    </p>
   </div>
   <div class='ocr_carea' id='block_1_2' title="bbox 75 149 1811 212">
    <p class='ocr_par' dir='ltr' id='par_1_2' title="bbox 75 149 1811 212">
     <span class='ocr_line' id='line_1_2' title="bbox 75 149 1811 212; baseline -0.001 -11"><span class='ocrx_word' id='word_1_4' title='bbox 75 150 275 211; x_wconf 74' lang='lat' dir='ltr'><strong>oomparanti</strong></span> <span class='ocrx_word' id='word_1_5' title='bbox 293 165 462 212; x_wconf 70' lang='lat' dir='ltr'><strong>probabile</strong></span> <span class='ocrx_word' id='word_1_6' title='bbox 482 166 535 207; x_wconf 82' lang='lat' dir='ltr'><strong>fit,</strong></span> <span class='ocrx_word' id='word_1_7' title='bbox 558 172 686 210; x_wconf 80' lang='lat' dir='ltr'><strong>poetam</strong></span> <span class='ocrx_word' id='word_1_8' title='bbox 708 164 912 207; x_wconf 71' lang='grc' dir='ltr'><strong><em>μεθειμένος</em></strong></span> <span class='ocrx_word' id='word_1_9' title='bbox 933 163 1068 198; x_wconf 76' lang='lat' dir='ltr'><strong>dedisse.</strong></span> <span class='ocrx_word' id='word_1_10' title='bbox 1112 163 1309 207; x_wconf 80' lang='lat' dir='ltr'><strong>Quanquam</strong></span> <span class='ocrx_word' id='word_1_11' title='bbox 1328 165 1396 208; x_wconf 82' lang='lat' dir='ltr'><strong>ipse</strong></span> <span class='ocrx_word' id='word_1_12' title='bbox 1419 163 1497 197; x_wconf 86' lang='lat' dir='ltr'><strong>hnic</strong></span> <span class='ocrx_word' id='word_1_13' title='bbox 1519 164 1720 198; x_wconf 73' lang='lat' dir='ltr'><strong>coniectura·</strong></span> <span class='ocrx_word' id='word_1_14' title='bbox 1741 149 1811 199; x_wconf 73' lang='lat' dir='ltr'><strong>non</strong></span> 
     </span>
    </p>
   </div>
   <div class='ocr_carea' id='block_1_3' title="bbox 74 221 1809 318">
    <p class='ocr_par' dir='ltr' id='par_1_3' title="bbox 74 221 1809 318">
     <span class='ocr_line' id='line_1_3' title="bbox 74 221 354 255; baseline -0.014 0"><span class='ocrx_word' id='word_1_15' title='bbox 74 222 214 255; x_wconf 85' lang='lat' dir='ltr'><strong>multum</strong></span> <span class='ocrx_word' id='word_1_16' title='bbox 234 221 354 254; x_wconf 81' lang='lat' dir='ltr'><strong>tribuo.</strong></span> 
     </span>
     <span class='ocr_line' id='line_1_4' title="bbox 158 272 1809 318; baseline -0.002 -9"><span class='ocrx_word' id='word_1_17' title='bbox 158 277 203 310; x_wconf 84' lang='lat' dir='ltr'><strong>V.</strong></span> <span class='ocrx_word' id='word_1_18' title='bbox 225 276 302 308; x_wconf 81' lang='lat'><strong>256.</strong></span> <span class='ocrx_word' id='word_1_19' title='bbox 323 275 410 307; x_wconf 80' lang='grc' dir='ltr'><strong>τῶνδ</strong></span> <span class='ocrx_word' id='word_1_20' title='bbox 446 272 483 308; x_wconf 67' lang='grc' dir='ltr'><strong>ἔτ</strong></span> <span class='ocrx_word' id='word_1_21' title='bbox 514 273 573 308; x_wconf 80' lang='grc' dir='ltr'><strong>ἐπὶ</strong></span> <span class='ocrx_word' id='word_1_22' title='bbox 593 272 673 307; x_wconf 79' lang='grc' dir='ltr'><strong><em>τάδε</em></strong></span> <span class='ocrx_word' id='word_1_23' title='bbox 695 275 822 318; x_wconf 80' lang='grc' dir='ltr'><strong><em>κρατῶ,</em></strong></span> <span class='ocrx_word' id='word_1_24' title='bbox 856 272 941 317; x_wconf 85' lang='lat' dir='ltr'><strong>quod</strong></span> <span class='ocrx_word' id='word_1_25' title='bbox 964 279 1074 316; x_wconf 85' lang='lat' dir='ltr'><strong>aperte</strong></span> <span class='ocrx_word' id='word_1_26' title='bbox 1095 284 1139 305; x_wconf 85' lang='lat' dir='ltr'><strong>ex</strong></span> <span class='ocrx_word' id='word_1_27' title='bbox 1161 272 1286 305; x_wconf 80' lang='lat' dir='ltr'><strong>Aldina</strong></span> <span class='ocrx_word' id='word_1_28' title='bbox 1308 273 1465 317; x_wconf 85' lang='lat' dir='ltr'><strong>scriptura</strong></span> <span class='ocrx_word' id='word_1_29' title='bbox 1495 285 1525 306; x_wconf 89' lang='lat' dir='ltr'><strong>a.</strong></span> <span class='ocrx_word' id='word_1_30' title='bbox 1554 273 1601 306; x_wconf 90' lang='lat' dir='ltr'><strong>T.</strong></span> <span class='ocrx_word' id='word_1_31' title='bbox 1625 273 1809 307; x_wconf 84' lang='lat' dir='ltr'><strong>derivatum</strong></span> 
     </span>
    </p>
   </div>
   <div class='ocr_carea' id='block_1_4' title="bbox 64 324 1813 2188">
    <p class='ocr_par' dir='ltr' id='par_1_4' title="bbox 72 324 1812 590">
     <span class='ocr_line' id='line_1_5' title="bbox 75 324 1810 373; baseline -0.001 -11"><span class='ocrx_word' id='word_1_32' title='bbox 75 338 140 372; x_wconf 78' lang='lat' dir='ltr'><strong>est,</strong></span> <span class='ocrx_word' id='word_1_33' title='bbox 163 329 216 361; x_wconf 77' lang='lat' dir='ltr'><strong>vel</strong></span> <span class='ocrx_word' id='word_1_34' title='bbox 238 336 371 372; x_wconf 87' lang='lat' dir='ltr'><strong>propter</strong></span> <span class='ocrx_word' id='word_1_35' title='bbox 391 328 556 361; x_wconf 83' lang='lat' dir='ltr'><strong>insolitam</strong></span> <span class='ocrx_word' id='word_1_36' title='bbox 578 328 727 373; x_wconf 81' lang='lat' dir='ltr'><strong>syllabae</strong></span> <span class='ocrx_word' id='word_1_37' title='bbox 749 328 856 360; x_wconf 82' lang='lat' dir='ltr'><strong>finalis</strong></span> <span class='ocrx_word' id='word_1_38' title='bbox 878 326 970 360; x_wconf 79' lang='lat' dir='ltr'><strong>vocis</strong></span> <span class='ocrx_word' id='word_1_39' title='bbox 992 325 1073 358; x_wconf 81' lang='grc' dir='ltr'><strong><em>τάδε</em></strong></span> <span class='ocrx_word' id='word_1_40' title='bbox 1095 328 1342 370; x_wconf 86' lang='lat' dir='ltr'><strong>productionem</strong></span> <span class='ocrx_word' id='word_1_41' title='bbox 1363 328 1442 359; x_wconf 84' lang='lat' dir='ltr'><strong>ferri</strong></span> <span class='ocrx_word' id='word_1_42' title='bbox 1463 327 1595 371; x_wconf 67' lang='lat' dir='ltr'><strong>nequit5</strong></span> <span class='ocrx_word' id='word_1_43' title='bbox 1627 327 1743 360; x_wconf 85' lang='lat' dir='ltr'><strong>deinde</strong></span> <span class='ocrx_word' id='word_1_44' title='bbox 1766 324 1810 360; x_wconf 71' lang='grc' dir='ltr'><strong>ἔτ’</strong></span> 
     </span>
     <span class='ocr_line' id='line_1_6' title="bbox 72 381 1812 425; baseline -0.001 -9"><span class='ocrx_word' id='word_1_45' title='bbox 72 382 155 416; x_wconf 78' lang='lat' dir='ltr'><strong>illud</strong></span> <span class='ocrx_word' id='word_1_46' title='bbox 176 393 236 415; x_wconf 86' lang='lat' dir='ltr'><strong>nec</strong></span> <span class='ocrx_word' id='word_1_47' title='bbox 258 382 333 425; x_wconf 87' lang='lat' dir='ltr'><strong>quid</strong></span> <span class='ocrx_word' id='word_1_48' title='bbox 356 384 416 415; x_wconf 87' lang='lat' dir='ltr'><strong>hoc</strong></span> <span class='ocrx_word' id='word_1_49' title='bbox 438 383 509 415; x_wconf 89' lang='lat' dir='ltr'><strong>loco</strong></span> <span class='ocrx_word' id='word_1_50' title='bbox 531 383 690 425; x_wconf 85' lang='lat' dir='ltr'><strong>significet</strong></span> <span class='ocrx_word' id='word_1_51' title='bbox 710 382 879 424; x_wconf 72' lang='lat' dir='ltr'>intelligo,</span> <span class='ocrx_word' id='word_1_52' title='bbox 902 388 934 413; x_wconf 89' lang='lat' dir='ltr'><strong>et</strong></span> <span class='ocrx_word' id='word_1_53' title='bbox 954 382 1039 414; x_wconf 86' lang='lat' dir='ltr'><strong>iusta</strong></span> <span class='ocrx_word' id='word_1_54' title='bbox 1062 383 1251 414; x_wconf 87' lang='lat' dir='ltr'><strong>auctoritate</strong></span> <span class='ocrx_word' id='word_1_55' title='bbox 1273 389 1371 414; x_wconf 87' lang='lat' dir='ltr'><strong>caret.</strong></span> <span class='ocrx_word' id='word_1_56' title='bbox 1415 381 1502 414; x_wconf 87' lang='lat' dir='ltr'><strong>Nam</strong></span> <span class='ocrx_word' id='word_1_57' title='bbox 1516 383 1674 415; x_wconf 90' lang='lat' dir='ltr'><strong>Aldinam</strong></span> <span class='ocrx_word' id='word_1_58' title='bbox 1697 383 1812 415; x_wconf 87' lang='lat' dir='ltr'><strong>editio-</strong></span> 
     </span>
     <span class='ocr_line' id='line_1_7' title="bbox 73 435 1811 480; baseline 0 -10"><span class='ocrx_word' id='word_1_59' title='bbox 73 445 167 477; x_wconf 76' lang='lat' dir='ltr'><strong>mm,</strong></span> <span class='ocrx_word' id='word_1_60' title='bbox 196 448 259 479; x_wconf 89' lang='lat' dir='ltr'><strong>qua</strong></span> <span class='ocrx_word' id='word_1_61' title='bbox 290 435 423 477; x_wconf 82' lang='lat' dir='ltr'><strong>nititur,</strong></span> <span class='ocrx_word' id='word_1_62' title='bbox 455 437 568 479; x_wconf 84' lang='lat' dir='ltr'><strong>exigui</strong></span> <span class='ocrx_word' id='word_1_63' title='bbox 595 436 690 480; x_wconf 83' lang='lat' dir='ltr'><strong>pretii</strong></span> <span class='ocrx_word' id='word_1_64' title='bbox 717 437 842 469; x_wconf 87' lang='lat' dir='ltr'><strong>librum</strong></span> <span class='ocrx_word' id='word_1_65' title='bbox 871 447 940 468; x_wconf 84' lang='lat' dir='ltr'><strong>esse</strong></span> <span class='ocrx_word' id='word_1_66' title='bbox 967 436 1262 480; x_wconf 89' lang='lat' dir='ltr'><strong>Wellauerumqne</strong></span> <span class='ocrx_word' id='word_1_67' title='bbox 1291 436 1322 468; x_wconf 88' lang='lat' dir='ltr'><strong>ei</strong></span> <span class='ocrx_word' id='word_1_68' title='bbox 1349 437 1511 469; x_wconf 87' lang='lat' dir='ltr'><strong>immerito</strong></span> <span class='ocrx_word' id='word_1_69' title='bbox 1535 449 1689 480; x_wconf 82' lang='lat' dir='ltr'><strong>magnam</strong></span> <span class='ocrx_word' id='word_1_70' title='bbox 1711 438 1811 470; x_wconf 82' lang='lat' dir='ltr'><strong>fidem</strong></span> 
     </span>
     <span class='ocr_line' id='line_1_8' title="bbox 73 489 1812 535; baseline 0.001 -13"><span class='ocrx_word' id='word_1_71' title='bbox 73 489 228 528; x_wconf 54' lang='lat' dir='ltr'><strong>tribuisse</strong></span> <span class='ocrx_word' id='word_1_72' title='bbox 255 502 316 522; x_wconf 88' lang='lat' dir='ltr'><strong>suo</strong></span> <span class='ocrx_word' id='word_1_73' title='bbox 343 492 416 523; x_wconf 89' lang='lat' dir='ltr'><strong>loco</strong></span> <span class='ocrx_word' id='word_1_74' title='bbox 445 490 732 524; x_wconf 79' lang='lat' dir='ltr'><strong>demonstrabitur.</strong></span> <span class='ocrx_word' id='word_1_75' title='bbox 783 490 960 523; x_wconf 88' lang='lat' dir='ltr'><strong>Meliorum</strong></span> <span class='ocrx_word' id='word_1_76' title='bbox 990 491 1149 523; x_wconf 84' lang='lat' dir='ltr'><strong>librorum</strong></span> <span class='ocrx_word' id='word_1_77' title='bbox 1178 491 1358 534; x_wconf 86' lang='lat' dir='ltr'><strong>scripturas</strong></span> <span class='ocrx_word' id='word_1_78' title='bbox 1389 492 1417 523; x_wconf 90' lang='lat' dir='ltr'><strong>si</strong></span> <span class='ocrx_word' id='word_1_79' title='bbox 1439 503 1684 535; x_wconf 84' lang='lat' dir='ltr'>comparamus,</span> <span class='ocrx_word' id='word_1_80' title='bbox 1714 492 1812 524; x_wconf 84' lang='lat' dir='ltr'><strong>facile</strong></span> 
     </span>
     <span class='ocr_line' id='line_1_9' title="bbox 73 537 1623 590; baseline 0.001 -13"><span class='ocrx_word' id='word_1_81' title='bbox 73 545 153 578; x_wconf 84' lang='lat' dir='ltr'><strong>illud</strong></span> <span class='ocrx_word' id='word_1_82' title='bbox 175 537 294 578; x_wconf 83' lang='lat' dir='ltr'><strong>verum</strong></span> <span class='ocrx_word' id='word_1_83' title='bbox 316 558 387 578; x_wconf 86' lang='lat' dir='ltr'><strong>esse</strong></span> <span class='ocrx_word' id='word_1_84' title='bbox 409 545 637 589; x_wconf 80' lang='lat' dir='ltr'><strong>intelligimus,</strong></span> <span class='ocrx_word' id='word_1_85' title='bbox 660 546 743 589; x_wconf 86' lang='lat' dir='ltr'><strong>qnod</strong></span> <span class='ocrx_word' id='word_1_86' title='bbox 767 545 833 578; x_wconf 87' lang='lat' dir='ltr'><strong>iam</strong></span> <span class='ocrx_word' id='word_1_87' title='bbox 855 546 912 578; x_wconf 90' lang='lat' dir='ltr'><strong>alii</strong></span> <span class='ocrx_word' id='word_1_88' title='bbox 934 546 1147 586; x_wconf 85' lang='lat' dir='ltr'><strong>invenerunt,</strong></span> <span class='ocrx_word' id='word_1_89' title='bbox 1169 546 1273 578; x_wconf 77' lang='grc' dir='ltr'><strong><em>τῶνδε</em></strong></span> <span class='ocrx_word' id='word_1_90' title='bbox 1293 541 1378 578; x_wconf 71' lang='grc' dir='ltr'><strong>τάπὶ</strong></span> <span class='ocrx_word' id='word_1_91' title='bbox 1399 543 1480 578; x_wconf 79' lang='grc' dir='ltr'><strong><em>τάδε</em></strong></span> <span class='ocrx_word' id='word_1_92' title='bbox 1501 547 1623 590; x_wconf 79' lang='grc' dir='ltr'><strong><em>κρατῶ.</em></strong></span> 
     </span>
    </p>

    <p class='ocr_par' dir='ltr' id='par_1_5' title="bbox 64 596 1813 1027">
     <span class='ocr_line' id='line_1_10' title="bbox 158 596 1810 645; baseline 0.002 -14"><span class='ocrx_word' id='word_1_93' title='bbox 158 598 202 632; x_wconf 87' lang='lat' dir='ltr'><strong>V.</strong></span> <span class='ocrx_word' id='word_1_94' title='bbox 225 600 305 634; x_wconf 80' lang='lat'><strong>259.</strong></span> <span class='ocrx_word' id='word_1_95' title='bbox 326 613 387 643; x_wconf 84' lang='lat' dir='ltr'><strong>pro</strong></span> <span class='ocrx_word' id='word_1_96' title='bbox 409 600 535 644; x_wconf 85' lang='grc' dir='ltr'><strong><em>Χώρας</em></strong></span> <span class='ocrx_word' id='word_1_97' title='bbox 557 599 621 645; x_wconf 78' lang='grc' dir='ltr'><strong>γὰρ</strong></span> <span class='ocrx_word' id='word_1_98' title='bbox 643 599 755 633; x_wconf 68' lang='grc' dir='ltr'><strong><em>ἐλθὼν</em></strong></span> <span class='ocrx_word' id='word_1_99' title='bbox 768 596 870 639; x_wconf 69' lang='grc' dir='ltr'><strong><em>’Λπις</em></strong></span> <span class='ocrx_word' id='word_1_100' title='bbox 892 600 929 634; x_wconf 78' lang='grc' dir='ltr'><strong>ἐκ</strong></span> <span class='ocrx_word' id='word_1_101' title='bbox 940 598 1174 639; x_wconf 83' lang='grc' dir='ltr'><strong><em>Ναυπακτίας,</em></strong></span> <span class='ocrx_word' id='word_1_102' title='bbox 1199 602 1286 644; x_wconf 89' lang='lat' dir='ltr'><strong>quod</strong></span> <span class='ocrx_word' id='word_1_103' title='bbox 1300 613 1345 633; x_wconf 85' lang='lat' dir='ltr'><strong>ex</strong></span> <span class='ocrx_word' id='word_1_104' title='bbox 1360 602 1483 634; x_wconf 88' lang='lat' dir='ltr'><strong>Aldino</strong></span> <span class='ocrx_word' id='word_1_105' title='bbox 1500 603 1693 644; x_wconf 74' lang='lat' dir='ltr'><strong>glossemate</strong></span> <span class='ocrx_word' id='word_1_106' title='bbox 1708 597 1810 640; x_wconf 70' lang='grc' dir='ltr'><strong><em>,Ἆπις</em></strong></span> 
     </span>
     <span class='ocr_line' id='line_1_11' title="bbox 68 651 1811 701; baseline 0.002 -16"><span class='ocrx_word' id='word_1_107' title='bbox 68 651 137 698; x_wconf 60' lang='grc' dir='ltr'><strong>γὰρ</strong></span> <span class='ocrx_word' id='word_1_108' title='bbox 159 651 271 686; x_wconf 73' lang='grc' dir='ltr'><strong><em>ἐλθὼν</em></strong></span> <span class='ocrx_word' id='word_1_109' title='bbox 293 654 330 686; x_wconf 78' lang='grc' dir='ltr'><strong>ἐκ</strong></span> <span class='ocrx_word' id='word_1_110' title='bbox 349 652 460 699; x_wconf 83' lang='grc' dir='ltr'><strong><em>χώρας</em></strong></span> <span class='ocrx_word' id='word_1_111' title='bbox 482 653 705 693; x_wconf 80' lang='grc' dir='ltr'><strong><em>Ναυπακτίας</em></strong></span> <span class='ocrx_word' id='word_1_112' title='bbox 733 656 866 688; x_wconf 88' lang='lat' dir='ltr'><strong>ductum</strong></span> <span class='ocrx_word' id='word_1_113' title='bbox 894 668 963 688; x_wconf 85' lang='lat' dir='ltr'><strong>esse</strong></span> <span class='ocrx_word' id='word_1_114' title='bbox 993 665 1095 700; x_wconf 87' lang='lat' dir='ltr'><strong>patet,</strong></span> <span class='ocrx_word' id='word_1_115' title='bbox 1124 669 1169 688; x_wconf 85' lang='lat' dir='ltr'><strong>ex</strong></span> <span class='ocrx_word' id='word_1_116' title='bbox 1196 656 1292 689; x_wconf 89' lang='lat' dir='ltr'><strong>libris</strong></span> <span class='ocrx_word' id='word_1_117' title='bbox 1320 657 1609 698; x_wconf 68' lang='lat' dir='ltr'><strong>fide&#39;dignioribus</strong></span> <span class='ocrx_word' id='word_1_118' title='bbox 1625 652 1727 695; x_wconf 68' lang='grc' dir='ltr'><strong><em>Ἆπις</em></strong></span> <span class='ocrx_word' id='word_1_119' title='bbox 1748 655 1811 701; x_wconf 81' lang='grc' dir='ltr'><strong>γὰρ</strong></span> 
     </span>
     <span class='ocr_line' id='line_1_12' title="bbox 72 706 1812 754; baseline 0.001 -11"><span class='ocrx_word' id='word_1_120' title='bbox 72 706 185 743; x_wconf 66' lang='grc' dir='ltr'><strong><em>ἐλθὼν</em></strong></span> <span class='ocrx_word' id='word_1_121' title='bbox 206 707 242 741; x_wconf 78' lang='grc' dir='ltr'><strong>ἐκ</strong></span> <span class='ocrx_word' id='word_1_122' title='bbox 263 708 373 754; x_wconf 83' lang='grc' dir='ltr'><strong><em>πέρας</em></strong></span> <span class='ocrx_word' id='word_1_123' title='bbox 383 707 605 748; x_wconf 80' lang='grc' dir='ltr'><strong><em>Ναυπακτίας</em></strong></span> <span class='ocrx_word' id='word_1_124' title='bbox 625 711 845 743; x_wconf 81' lang='lat' dir='ltr'><strong>revocandum</strong></span> <span class='ocrx_word' id='word_1_125' title='bbox 863 719 929 751; x_wconf 83' lang='lat' dir='ltr'><strong>est3</strong></span> <span class='ocrx_word' id='word_1_126' title='bbox 952 724 1029 744; x_wconf 91' lang='lat' dir='ltr'><strong>nam</strong></span> <span class='ocrx_word' id='word_1_127' title='bbox 1047 712 1130 744; x_wconf 83' lang='lat' dir='ltr'><strong>istud</strong></span> <span class='ocrx_word' id='word_1_128' title='bbox 1152 712 1204 743; x_wconf 86' lang='lat' dir='ltr'><strong>vel</strong></span> <span class='ocrx_word' id='word_1_129' title='bbox 1219 718 1354 754; x_wconf 87' lang='lat' dir='ltr'><strong>propter</strong></span> <span class='ocrx_word' id='word_1_130' title='bbox 1369 712 1547 744; x_wconf 83' lang='lat' dir='ltr'><strong>verborum</strong></span> <span class='ocrx_word' id='word_1_131' title='bbox 1566 711 1812 744; x_wconf 76' lang='lat' dir='ltr'><strong>collocationem</strong></span> 
     </span>
     <span class='ocr_line' id='line_1_13' title="bbox 67 761 1812 810; baseline 0.001 -12"><span class='ocrx_word' id='word_1_132' title='bbox 67 763 207 798; x_wconf 28' lang='lat' dir='ltr'><strong>&#39;tolerari</strong></span> <span class='ocrx_word' id='word_1_133' title='bbox 229 765 351 808; x_wconf 82' lang='lat' dir='ltr'><strong>nequit.</strong></span> <span class='ocrx_word' id='word_1_134' title='bbox 385 765 498 808; x_wconf 86' lang='lat' dir='ltr'><strong>Quum</strong></span> <span class='ocrx_word' id='word_1_135' title='bbox 520 766 608 798; x_wconf 91' lang='lat' dir='ltr'><strong>enim</strong></span> <span class='ocrx_word' id='word_1_136' title='bbox 629 778 693 798; x_wconf 79' lang='lat' dir='ltr'><strong>rex</strong></span> <span class='ocrx_word' id='word_1_137' title='bbox 715 765 748 798; x_wconf 87' lang='lat' dir='ltr'><strong>id</strong></span> <span class='ocrx_word' id='word_1_138' title='bbox 773 773 866 807; x_wconf 84' lang='lat' dir='ltr'><strong>agat,</strong></span> <span class='ocrx_word' id='word_1_139' title='bbox 888 773 926 797; x_wconf 83' lang='lat' dir='ltr'><strong>ut</strong></span> <span class='ocrx_word' id='word_1_140' title='bbox 947 766 1088 799; x_wconf 90' lang='lat' dir='ltr'><strong>nominis</strong></span> <span class='ocrx_word' id='word_1_141' title='bbox 1103 763 1207 799; x_wconf 83' lang='grc' dir='ltr'><strong><em>Ἀπία</em></strong></span> <span class='ocrx_word' id='word_1_142' title='bbox 1231 766 1390 808; x_wconf 82' lang='lat' dir='ltr'><strong>originem</strong></span> <span class='ocrx_word' id='word_1_143' title='bbox 1412 766 1547 810; x_wconf 88' lang='lat' dir='ltr'><strong>aperiat,</strong></span> <span class='ocrx_word' id='word_1_144' title='bbox 1563 761 1665 804; x_wconf 71' lang='grc' dir='ltr'><strong><em>Ἆπις</em></strong></span> <span class='ocrx_word' id='word_1_145' title='bbox 1680 778 1812 808; x_wconf 88' lang='lat' dir='ltr'><strong>nomen,</strong></span> 
     </span>
     <span class='ocr_line' id='line_1_14' title="bbox 72 819 1813 865; baseline 0.001 -13"><span class='ocrx_word' id='word_1_146' title='bbox 72 820 108 852; x_wconf 83' lang='lat' dir='ltr'><strong>in</strong></span> <span class='ocrx_word' id='word_1_147' title='bbox 129 831 193 862; x_wconf 87' lang='lat' dir='ltr'><strong>quo</strong></span> <span class='ocrx_word' id='word_1_148' title='bbox 214 819 267 853; x_wconf 84' lang='lat' dir='ltr'><strong>vis</strong></span> <span class='ocrx_word' id='word_1_149' title='bbox 289 820 387 852; x_wconf 86' lang='lat' dir='ltr'><strong>totius</strong></span> <span class='ocrx_word' id='word_1_150' title='bbox 410 820 586 852; x_wconf 80' lang='lat' dir='ltr'><strong>sententiae</strong></span> <span class='ocrx_word' id='word_1_151' title='bbox 608 820 712 859; x_wconf 86' lang='lat' dir='ltr'><strong>inest,</strong></span> <span class='ocrx_word' id='word_1_152' title='bbox 744 819 779 850; x_wconf 89' lang='lat' dir='ltr'><strong>in</strong></span> <span class='ocrx_word' id='word_1_153' title='bbox 802 819 962 862; x_wconf 88' lang='lat' dir='ltr'><strong>principio</strong></span> <span class='ocrx_word' id='word_1_154' title='bbox 985 822 1141 853; x_wconf 84' lang='lat' dir='ltr'><strong>enuntiati</strong></span> <span class='ocrx_word' id='word_1_155' title='bbox 1163 822 1240 864; x_wconf 88' lang='lat' dir='ltr'><strong>poni</strong></span> <span class='ocrx_word' id='word_1_156' title='bbox 1263 830 1308 853; x_wconf 88' lang='lat' dir='ltr'><strong>est</strong></span> <span class='ocrx_word' id='word_1_157' title='bbox 1330 828 1591 853; x_wconf 86' lang='lat' dir='ltr'><strong>consentaneum.</strong></span> <span class='ocrx_word' id='word_1_158' title='bbox 1644 821 1742 865; x_wconf 82' lang='grc' dir='ltr'><strong><em>Πέρα</em></strong></span> <span class='ocrx_word' id='word_1_159' title='bbox 1765 830 1813 855; x_wconf 81' lang='lat' dir='ltr'><strong>est</strong></span> 
     </span>
     <span class='ocr_line' id='line_1_15' title="bbox 64 873 1813 920; baseline 0.002 -15"><span class='ocrx_word' id='word_1_160' title='bbox 64 874 241 916; x_wconf 67' lang='lat' dir='ltr'><strong>antiquum</strong></span> <span class='ocrx_word' id='word_1_161' title='bbox 262 874 521 914; x_wconf 74' lang='lat' dir='ltr'><strong>substantivum,</strong></span> <span class='ocrx_word' id='word_1_162' title='bbox 546 874 635 906; x_wconf 84' lang='lat' dir='ltr'><strong>cuins</strong></span> <span class='ocrx_word' id='word_1_163' title='bbox 658 873 786 916; x_wconf 86' lang='lat' dir='ltr'><strong>generis</strong></span> <span class='ocrx_word' id='word_1_164' title='bbox 809 881 905 917; x_wconf 75' lang='lat' dir='ltr'><strong>poeta</strong></span> <span class='ocrx_word' id='word_1_165' title='bbox 933 874 968 906; x_wconf 91' lang='lat' dir='ltr'><strong>in</strong></span> <span class='ocrx_word' id='word_1_166' title='bbox 991 875 1052 907; x_wconf 91' lang='lat' dir='ltr'><strong>hac</strong></span> <span class='ocrx_word' id='word_1_167' title='bbox 1079 875 1189 907; x_wconf 84' lang='lat' dir='ltr'><strong>sabula</strong></span> <span class='ocrx_word' id='word_1_168' title='bbox 1214 874 1468 907; x_wconf 75' lang='lat' dir='ltr'><strong>studiosissimus</strong></span> <span class='ocrx_word' id='word_1_169' title='bbox 1497 875 1570 907; x_wconf 85' lang='lat' dir='ltr'><strong>suit.</strong></span> <span class='ocrx_word' id='word_1_170' title='bbox 1623 875 1676 908; x_wconf 89' lang='lat' dir='ltr'><strong>Cf.</strong></span> <span class='ocrx_word' id='word_1_171' title='bbox 1699 875 1813 920; x_wconf 79' lang='lat' dir='ltr'><strong>Haupt</strong></span> 
     </span>
     <span class='ocr_line' id='line_1_16' title="bbox 71 927 1812 973; baseline 0.001 -12"><span class='ocrx_word' id='word_1_172' title='bbox 71 928 112 961; x_wconf 80' lang='lat' dir='ltr'><strong>ad</strong></span> <span class='ocrx_word' id='word_1_173' title='bbox 134 927 251 972; x_wconf 83' lang='lat' dir='ltr'><strong>Suppl.</strong></span> <span class='ocrx_word' id='word_1_174' title='bbox 272 941 305 973; x_wconf 89' lang='lat' dir='ltr'><strong>p.</strong></span> <span class='ocrx_word' id='word_1_175' title='bbox 319 930 393 962; x_wconf 82' lang='lat'><strong>134.</strong></span> <span class='ocrx_word' id='word_1_176' title='bbox 418 932 447 962; x_wconf 87' lang='lat'><strong>5.</strong></span> <span class='ocrx_word' id='word_1_177' title='bbox 495 929 663 972; x_wconf 80' lang='lat' dir='ltr'><strong>Significat</strong></span> <span class='ocrx_word' id='word_1_178' title='bbox 685 936 807 961; x_wconf 85' lang='lat' dir='ltr'><strong>terram</strong></span> <span class='ocrx_word' id='word_1_179' title='bbox 830 937 919 962; x_wconf 85' lang='lat' dir='ltr'><strong>trans</strong></span> <span class='ocrx_word' id='word_1_180' title='bbox 940 942 1031 962; x_wconf 88' lang='lat' dir='ltr'><strong>mare</strong></span> <span class='ocrx_word' id='word_1_181' title='bbox 1052 930 1157 962; x_wconf 88' lang='lat' dir='ltr'><strong>sitam.</strong></span> <span class='ocrx_word' id='word_1_182' title='bbox 1190 929 1341 962; x_wconf 83' lang='lat' dir='ltr'><strong>Ceterum</strong></span> <span class='ocrx_word' id='word_1_183' title='bbox 1361 930 1425 963; x_wconf 89' lang='lat' dir='ltr'><strong>hoc</strong></span> <span class='ocrx_word' id='word_1_184' title='bbox 1446 929 1687 963; x_wconf 76' lang='lat' dir='ltr'><strong>substantivum</strong></span> <span class='ocrx_word' id='word_1_185' title='bbox 1699 930 1812 964; x_wconf 86' lang='lat' dir='ltr'><strong>Goett-</strong></span> 
     </span>
     <span class='ocr_line' id='line_1_17' title="bbox 71 984 1196 1027; baseline 0.001 -10"><span class='ocrx_word' id='word_1_186' title='bbox 71 984 192 1027; x_wconf 85' lang='lat' dir='ltr'><strong>liugius</strong></span> <span class='ocrx_word' id='word_1_187' title='bbox 217 985 315 1017; x_wconf 85' lang='lat' dir='ltr'><strong>etiam</strong></span> <span class='ocrx_word' id='word_1_188' title='bbox 336 985 470 1018; x_wconf 84' lang='lat' dir='ltr'><strong>Hesiod,</strong></span> <span class='ocrx_word' id='word_1_189' title='bbox 495 984 625 1027; x_wconf 82' lang='lat' dir='ltr'><strong>Theog.</strong></span> <span class='ocrx_word' id='word_1_190' title='bbox 649 986 724 1019; x_wconf 80' lang='lat'><strong>274.</strong></span> <span class='ocrx_word' id='word_1_191' title='bbox 748 984 915 1017; x_wconf 82' lang='lat' dir='ltr'><strong>invenisse</strong></span> <span class='ocrx_word' id='word_1_192' title='bbox 938 986 1000 1017; x_wconf 83' lang='lat' dir='ltr'><strong>sibi</strong></span> <span class='ocrx_word' id='word_1_193' title='bbox 1022 986 1114 1018; x_wconf 86' lang='lat' dir='ltr'><strong>visus</strong></span> <span class='ocrx_word' id='word_1_194' title='bbox 1133 993 1196 1018; x_wconf 76' lang='lat' dir='ltr'><strong>&#39;est-</strong></span> 
     </span>
    </p>

    <p class='ocr_par' dir='ltr' id='par_1_6' title="bbox 70 1035 1810 1139">
     <span class='ocr_line' id='line_1_18' title="bbox 155 1035 1810 1084; baseline -0.001 -10"><span class='ocrx_word' id='word_1_195' title='bbox 155 1040 199 1073; x_wconf 82' lang='lat' dir='ltr'><strong>V.</strong></span> <span class='ocrx_word' id='word_1_196' title='bbox 223 1042 299 1074; x_wconf 87' lang='grc'><strong>302.</strong></span> <span class='ocrx_word' id='word_1_197' title='bbox 344 1038 378 1072; x_wconf 88' lang='grc' dir='ltr'><strong>τί</strong></span> <span class='ocrx_word' id='word_1_198' title='bbox 402 1035 459 1073; x_wconf 73' lang='grc' dir='ltr'><strong>οὖν</strong></span> <span class='ocrx_word' id='word_1_199' title='bbox 481 1037 610 1079; x_wconf 68' lang='grc' dir='ltr'><strong><em>ἔτευξεν</em></strong></span> <span class='ocrx_word' id='word_1_200' title='bbox 630 1035 714 1072; x_wconf 65' lang='grc' dir='ltr'><strong><em>ἄλλο</em></strong></span> <span class='ocrx_word' id='word_1_201' title='bbox 738 1038 920 1084; x_wconf 80' lang='grc' dir='ltr'><strong><em>δυσπότμῳ</em></strong></span> <span class='ocrx_word' id='word_1_202' title='bbox 942 1040 1021 1082; x_wconf 83' lang='grc' dir='ltr'><strong><em>βοΐ;</em></strong></span> <span class='ocrx_word' id='word_1_203' title='bbox 1056 1041 1208 1073; x_wconf 87' lang='lat' dir='ltr'><strong>Meliores</strong></span> <span class='ocrx_word' id='word_1_204' title='bbox 1237 1041 1314 1073; x_wconf 80' lang='lat' dir='ltr'><strong>libri</strong></span> <span class='ocrx_word' id='word_1_205' title='bbox 1345 1039 1378 1072; x_wconf 77' lang='grc' dir='ltr'><strong>τί</strong></span> <span class='ocrx_word' id='word_1_206' title='bbox 1401 1035 1459 1072; x_wconf 73' lang='grc' dir='ltr'><strong>οὖν</strong></span> <span class='ocrx_word' id='word_1_207' title='bbox 1481 1036 1593 1079; x_wconf 65' lang='grc' dir='ltr'><strong><em>ἔτευξε</em></strong></span> <span class='ocrx_word' id='word_1_208' title='bbox 1616 1037 1649 1072; x_wconf 80' lang='grc' dir='ltr'><strong>δ’</strong></span> <span class='ocrx_word' id='word_1_209' title='bbox 1672 1035 1756 1073; x_wconf 66' lang='grc' dir='ltr'><strong><em>ὅλλο</em></strong></span> <span class='ocrx_word' id='word_1_210' title='bbox 1780 1040 1810 1074; x_wconf 87' lang='grc' dir='ltr'><strong>δ.</strong></span> 
     </span>
     <span class='ocr_line' id='line_1_19' title="bbox 70 1092 1721 1139; baseline 0 -11"><span class='ocrx_word' id='word_1_211' title='bbox 70 1098 119 1137; x_wconf 81' lang='grc' dir='ltr'><strong><em>β.,·</em></strong></span> <span class='ocrx_word' id='word_1_212' title='bbox 142 1096 228 1138; x_wconf 83' lang='lat' dir='ltr'><strong>quod</strong></span> <span class='ocrx_word' id='word_1_213' title='bbox 251 1095 463 1127; x_wconf 85' lang='lat' dir='ltr'><strong>Wellauerus</strong></span> <span class='ocrx_word' id='word_1_214' title='bbox 486 1095 752 1137; x_wconf 72' lang='lat' dir='ltr'><strong>interrogationis</strong></span> <span class='ocrx_word' id='word_1_215' title='bbox 775 1097 869 1137; x_wconf 85' lang='lat' dir='ltr'><strong>signo</strong></span> <span class='ocrx_word' id='word_1_216' title='bbox 892 1105 966 1139; x_wconf 88' lang='lat' dir='ltr'><strong>post</strong></span> <span class='ocrx_word' id='word_1_217' title='bbox 990 1092 1047 1128; x_wconf 80' lang='grc' dir='ltr'><strong>οὖν</strong></span> <span class='ocrx_word' id='word_1_218' title='bbox 1068 1098 1170 1139; x_wconf 89' lang='lat' dir='ltr'><strong>posito</strong></span> <span class='ocrx_word' id='word_1_219' title='bbox 1194 1097 1264 1128; x_wconf 90' lang='lat' dir='ltr'><strong>iure</strong></span> <span class='ocrx_word' id='word_1_220' title='bbox 1285 1097 1534 1139; x_wconf 78' lang='lat' dir='ltr'><strong>praeferendum</strong></span> <span class='ocrx_word' id='word_1_221' title='bbox 1556 1097 1721 1129; x_wconf 83' lang='lat' dir='ltr'><strong>iudicavit.</strong></span> 
     </span>
    </p>

    <p class='ocr_par' dir='ltr' id='par_1_7' title="bbox 68 1150 1812 1357">
     <span class='ocr_line' id='line_1_20' title="bbox 157 1150 1811 1197; baseline 0 -12"><span class='ocrx_word' id='word_1_222' title='bbox 157 1152 203 1185; x_wconf 87' lang='lat' dir='ltr'><strong>V.</strong></span> <span class='ocrx_word' id='word_1_223' title='bbox 226 1154 301 1186; x_wconf 88' lang='lat'>312.</span> <span class='ocrx_word' id='word_1_224' title='bbox 346 1150 461 1197; x_wconf 79' lang='grc' dir='ltr'><strong><em>Λιβύη</em></strong></span> <span class='ocrx_word' id='word_1_225' title='bbox 483 1151 639 1195; x_wconf 84' lang='grc' dir='ltr'><strong><em>μέγιστον</em></strong></span> <span class='ocrx_word' id='word_1_226' title='bbox 660 1153 756 1197; x_wconf 77' lang='grc' dir='ltr'><strong><em>τῆςδε</em></strong></span> <span class='ocrx_word' id='word_1_227' title='bbox 778 1154 834 1197; x_wconf 80' lang='grc' dir='ltr'><strong><em>γῆς</em></strong></span> <span class='ocrx_word' id='word_1_228' title='bbox 858 1151 1090 1197; x_wconf 86' lang='grc' dir='ltr'><strong><em>καρπουμένη.</em></strong></span> <span class='ocrx_word' id='word_1_229' title='bbox 1126 1151 1245 1195; x_wconf 81' lang='grc' dir='ltr'><strong><em>Τῆςδε,</em></strong></span> <span class='ocrx_word' id='word_1_230' title='bbox 1276 1150 1360 1193; x_wconf 90' lang='lat' dir='ltr'><strong>quod</strong></span> <span class='ocrx_word' id='word_1_231' title='bbox 1394 1151 1433 1182; x_wconf 87' lang='lat' dir='ltr'><strong>ab</strong></span> <span class='ocrx_word' id='word_1_232' title='bbox 1457 1151 1694 1193; x_wconf 79' lang='lat' dir='ltr'><strong>antiquioribus</strong></span> <span class='ocrx_word' id='word_1_233' title='bbox 1717 1152 1811 1185; x_wconf 86' lang='lat' dir='ltr'><strong>libris</strong></span> 
     </span>
     <span class='ocr_line' id='line_1_21' title="bbox 71 1202 1812 1251; baseline -0.001 -10"><span class='ocrx_word' id='word_1_234' title='bbox 71 1208 181 1248; x_wconf 69' lang='lat' dir='ltr'><strong>aliest,</strong></span> <span class='ocrx_word' id='word_1_235' title='bbox 202 1219 245 1240; x_wconf 89' lang='lat' dir='ltr'><strong>ne</strong></span> <span class='ocrx_word' id='word_1_236' title='bbox 266 1207 347 1239; x_wconf 82' lang='lat' dir='ltr'><strong>ferri</strong></span> <span class='ocrx_word' id='word_1_237' title='bbox 370 1208 498 1249; x_wconf 89' lang='lat' dir='ltr'><strong>quidem</strong></span> <span class='ocrx_word' id='word_1_238' title='bbox 521 1207 653 1239; x_wconf 86' lang='lat' dir='ltr'><strong>videtur</strong></span> <span class='ocrx_word' id='word_1_239' title='bbox 674 1220 788 1251; x_wconf 86' lang='lat' dir='ltr'><strong>posse,</strong></span> <span class='ocrx_word' id='word_1_240' title='bbox 818 1220 934 1249; x_wconf 87' lang='lat' dir='ltr'><strong>quum,</strong></span> <span class='ocrx_word' id='word_1_241' title='bbox 965 1207 1088 1250; x_wconf 81' lang='lat' dir='ltr'><strong>quoties</strong></span> <span class='ocrx_word' id='word_1_242' title='bbox 1111 1206 1300 1250; x_wconf 87' lang='lat' dir='ltr'><strong>Aeschylus</strong></span> <span class='ocrx_word' id='word_1_243' title='bbox 1322 1205 1355 1237; x_wconf 91' lang='lat' dir='ltr'><strong>in</strong></span> <span class='ocrx_word' id='word_1_244' title='bbox 1379 1205 1439 1238; x_wconf 90' lang='lat' dir='ltr'><strong>hac</strong></span> <span class='ocrx_word' id='word_1_245' title='bbox 1460 1205 1570 1237; x_wconf 84' lang='lat' dir='ltr'><strong>sabula</strong></span> <span class='ocrx_word' id='word_1_246' title='bbox 1593 1202 1654 1249; x_wconf 77' lang='grc' dir='ltr'><strong>ἥδε</strong></span> <span class='ocrx_word' id='word_1_247' title='bbox 1676 1206 1716 1249; x_wconf 82' lang='grc' dir='ltr'><strong>γῆ</strong></span> <span class='ocrx_word' id='word_1_248' title='bbox 1738 1205 1812 1239; x_wconf 81' lang='lat' dir='ltr'><strong>sive</strong></span> 
     </span>
     <span class='ocr_line' id='line_1_22' title="bbox 68 1258 1810 1305; baseline -0.001 -11"><span class='ocrx_word' id='word_1_249' title='bbox 68 1258 131 1305; x_wconf 78' lang='grc' dir='ltr'><strong>ἥδε</strong></span> <span class='ocrx_word' id='word_1_250' title='bbox 149 1258 243 1302; x_wconf 67' lang='grc' dir='ltr'><strong>χθών</strong></span> <span class='ocrx_word' id='word_1_251' title='bbox 264 1262 368 1301; x_wconf 82' lang='lat' dir='ltr'><strong>dixit,</strong></span> <span class='ocrx_word' id='word_1_252' title='bbox 391 1261 442 1293; x_wconf 91' lang='lat' dir='ltr'><strong>his</strong></span> <span class='ocrx_word' id='word_1_253' title='bbox 464 1262 577 1294; x_wconf 86' lang='lat' dir='ltr'><strong>verbis</strong></span> <span class='ocrx_word' id='word_1_254' title='bbox 599 1274 727 1305; x_wconf 82' lang='lat' dir='ltr'><strong>semper</strong></span> <span class='ocrx_word' id='word_1_255' title='bbox 749 1262 957 1303; x_wconf 83' lang='lat' dir='ltr'><strong>Argivorum</strong></span> <span class='ocrx_word' id='word_1_256' title='bbox 979 1270 1102 1293; x_wconf 86' lang='lat' dir='ltr'><strong>terram</strong></span> <span class='ocrx_word' id='word_1_257' title='bbox 1125 1261 1369 1302; x_wconf 76' lang='lat' dir='ltr'><strong>significaverit.</strong></span> <span class='ocrx_word' id='word_1_258' title='bbox 1401 1260 1452 1292; x_wconf 81' lang='lat' dir='ltr'><strong>Cf.</strong></span> <span class='ocrx_word' id='word_1_259' title='bbox 1478 1272 1510 1292; x_wconf 87' lang='lat' dir='ltr'><strong>v.</strong></span> <span class='ocrx_word' id='word_1_260' title='bbox 1539 1261 1610 1291; x_wconf 91' lang='lat'>181.</span> <span class='ocrx_word' id='word_1_261' title='bbox 1635 1261 1715 1293; x_wconf 63' lang='lat'><strong>248.</strong></span> <span class='ocrx_word' id='word_1_262' title='bbox 1733 1261 1810 1293; x_wconf 84' lang='lat'><strong>261.</strong></span> 
     </span>
     <span class='ocr_line' id='line_1_23' title="bbox 69 1313 1811 1357; baseline -0.002 -7"><span class='ocrx_word' id='word_1_263' title='bbox 69 1317 147 1353; x_wconf 84' lang='grc'><strong>289.</strong></span> <span class='ocrx_word' id='word_1_264' title='bbox 169 1317 246 1349; x_wconf 82' lang='grc'><strong>320.</strong></span> <span class='ocrx_word' id='word_1_265' title='bbox 270 1317 311 1349; x_wconf 84' lang='lat' dir='ltr'><strong>al.</strong></span> <span class='ocrx_word' id='word_1_266' title='bbox 358 1316 451 1357; x_wconf 81' lang='lat' dir='ltr'><strong>Quae</strong></span> <span class='ocrx_word' id='word_1_267' title='bbox 473 1329 546 1349; x_wconf 82' lang='lat' dir='ltr'><strong>vox</strong></span> <span class='ocrx_word' id='word_1_268' title='bbox 569 1316 745 1357; x_wconf 80' lang='lat' dir='ltr'><strong>exciderit,</strong></span> <span class='ocrx_word' id='word_1_269' title='bbox 766 1328 861 1348; x_wconf 89' lang='lat' dir='ltr'><strong>nemo</strong></span> <span class='ocrx_word' id='word_1_270' title='bbox 881 1316 977 1347; x_wconf 81' lang='lat' dir='ltr'><strong>facile</strong></span> <span class='ocrx_word' id='word_1_271' title='bbox 992 1315 1055 1347; x_wconf 87' lang='lat' dir='ltr'><strong>nisi</strong></span> <span class='ocrx_word' id='word_1_272' title='bbox 1069 1315 1242 1347; x_wconf 87' lang='lat' dir='ltr'><strong>meliorum</strong></span> <span class='ocrx_word' id='word_1_273' title='bbox 1260 1315 1405 1346; x_wconf 87' lang='lat' dir='ltr'><strong>codicum</strong></span> <span class='ocrx_word' id='word_1_274' title='bbox 1421 1313 1548 1346; x_wconf 83' lang='lat' dir='ltr'><strong>auxilio</strong></span> <span class='ocrx_word' id='word_1_275' title='bbox 1566 1314 1695 1346; x_wconf 85' lang='lat' dir='ltr'><strong>adiutus</strong></span> <span class='ocrx_word' id='word_1_276' title='bbox 1713 1314 1811 1347; x_wconf 82' lang='lat' dir='ltr'><strong>dicat.</strong></span> 
     </span>
    </p>

    <p class='ocr_par' dir='ltr' id='par_1_8' title="bbox 68 1367 1811 1636">
     <span class='ocr_line' id='line_1_24' title="bbox 156 1367 1811 1415; baseline -0.001 -11"><span class='ocrx_word' id='word_1_277' title='bbox 156 1370 201 1404; x_wconf 86' lang='lat' dir='ltr'><strong>V.</strong></span> <span class='ocrx_word' id='word_1_278' title='bbox 224 1372 298 1404; x_wconf 86' lang='lat'><strong>332.</strong></span> <span class='ocrx_word' id='word_1_279' title='bbox 333 1368 384 1409; x_wconf 87' lang='grc' dir='ltr'><strong><em>τίς</em></strong></span> <span class='ocrx_word' id='word_1_280' title='bbox 407 1369 439 1403; x_wconf 80' lang='grc' dir='ltr'><strong>δ’</strong></span> <span class='ocrx_word' id='word_1_281' title='bbox 464 1368 505 1404; x_wconf 72' lang='grc' dir='ltr'><strong>ἃν</strong></span> <span class='ocrx_word' id='word_1_282' title='bbox 526 1369 647 1415; x_wconf 83' lang='grc' dir='ltr'><strong><em>φίλους</em></strong></span> <span class='ocrx_word' id='word_1_283' title='bbox 668 1368 787 1404; x_wconf 78' lang='grc' dir='ltr'><em>ὠνοῖτο</em></span> <span class='ocrx_word' id='word_1_284' title='bbox 809 1370 886 1410; x_wconf 84' lang='grc' dir='ltr'><strong><em>τοὺς</em></strong></span> <span class='ocrx_word' id='word_1_285' title='bbox 908 1369 1138 1415; x_wconf 77' lang='grc' dir='ltr'><strong><em>κεκτημένους.</em></strong></span> <span class='ocrx_word' id='word_1_286' title='bbox 1159 1367 1277 1403; x_wconf 73' lang='grc' dir='ltr'><strong><em>ὠνοῖτο</em></strong></span> <span class='ocrx_word' id='word_1_287' title='bbox 1301 1370 1440 1403; x_wconf 85' lang='lat' dir='ltr'><strong>verbum</strong></span> <span class='ocrx_word' id='word_1_288' title='bbox 1462 1369 1654 1412; x_wconf 76' lang='lat' dir='ltr'><strong>interpretes</strong></span> <span class='ocrx_word' id='word_1_289' title='bbox 1672 1369 1811 1402; x_wconf 85' lang='lat' dir='ltr'><strong>mirifice</strong></span> 
     </span>
     <span class='ocr_line' id='line_1_25' title="bbox 70 1420 1810 1471; baseline -0.002 -12"><span class='ocrx_word' id='word_1_290' title='bbox 70 1427 219 1459; x_wconf 84' lang='lat' dir='ltr'><strong>vexavit.</strong></span> <span class='ocrx_word' id='word_1_291' title='bbox 272 1426 326 1458; x_wconf 88' lang='lat' dir='ltr'><strong>De</strong></span> <span class='ocrx_word' id='word_1_292' title='bbox 355 1427 436 1459; x_wconf 88' lang='lat' dir='ltr'><strong>vitio</strong></span> <span class='ocrx_word' id='word_1_293' title='bbox 466 1439 599 1459; x_wconf 89' lang='lat' dir='ltr'><strong>monere</strong></span> <span class='ocrx_word' id='word_1_294' title='bbox 627 1435 754 1471; x_wconf 83' lang='lat' dir='ltr'><strong>poterat</strong></span> <span class='ocrx_word' id='word_1_295' title='bbox 785 1428 829 1459; x_wconf 86' lang='lat' dir='ltr'><strong>A.</strong></span> <span class='ocrx_word' id='word_1_296' title='bbox 857 1436 888 1459; x_wconf 87' lang='lat' dir='ltr'><strong>et</strong></span> <span class='ocrx_word' id='word_1_297' title='bbox 908 1427 950 1460; x_wconf 89' lang='lat' dir='ltr'><strong>R.</strong></span> <span class='ocrx_word' id='word_1_298' title='bbox 989 1429 1145 1471; x_wconf 82' lang='lat' dir='ltr'><strong>(sortasse</strong></span> <span class='ocrx_word' id='word_1_299' title='bbox 1167 1427 1263 1458; x_wconf 79' lang='lat' dir='ltr'><strong>ctiam</strong></span> <span class='ocrx_word' id='word_1_300' title='bbox 1288 1426 1448 1466; x_wconf 87' lang='lat' dir='ltr'><strong>codicum)</strong></span> <span class='ocrx_word' id='word_1_301' title='bbox 1483 1425 1643 1468; x_wconf 79' lang='lat' dir='ltr'><strong>scriptura</strong></span> <span class='ocrx_word' id='word_1_302' title='bbox 1679 1420 1810 1463; x_wconf 71' lang='grc' dir='ltr'><strong><em>ὦνοιτο,</em></strong></span> 
     </span>
     <span class='ocr_line' id='line_1_26' title="bbox 70 1477 1811 1526; baseline -0.003 -11"><span class='ocrx_word' id='word_1_303' title='bbox 70 1494 135 1525; x_wconf 86' lang='lat' dir='ltr'><strong>qua</strong></span> <span class='ocrx_word' id='word_1_304' title='bbox 156 1494 353 1525; x_wconf 81' lang='lat' dir='ltr'><strong>magnopere</strong></span> <span class='ocrx_word' id='word_1_305' title='bbox 376 1484 587 1515; x_wconf 86' lang='lat' dir='ltr'><strong>confirmatur</strong></span> <span class='ocrx_word' id='word_1_306' title='bbox 613 1483 744 1526; x_wconf 83' lang='lat' dir='ltr'><strong>egregia</strong></span> <span class='ocrx_word' id='word_1_307' title='bbox 773 1482 989 1526; x_wconf 82' lang='lat' dir='ltr'><strong>Bambergeri</strong></span> <span class='ocrx_word' id='word_1_308' title='bbox 1018 1483 1202 1516; x_wconf 84' lang='lat' dir='ltr'><strong>coniectura</strong></span> <span class='ocrx_word' id='word_1_309' title='bbox 1230 1477 1352 1514; x_wconf 71' lang='grc' dir='ltr'><strong><em>ἷίνοιτο.</em></strong></span> <span class='ocrx_word' id='word_1_310' title='bbox 1410 1480 1564 1513; x_wconf 75' lang='lat' dir='ltr'><strong>Ceterum</strong></span> <span class='ocrx_word' id='word_1_311' title='bbox 1594 1492 1668 1511; x_wconf 87' lang='lat' dir='ltr'><strong>cum</strong></span> <span class='ocrx_word' id='word_1_312' title='bbox 1697 1479 1811 1511; x_wconf 87' lang='lat' dir='ltr'><strong>eodem</strong></span> 
     </span>
     <span class='ocr_line' id='line_1_27' title="bbox 69 1533 1811 1582; baseline -0.003 -12"><span class='ocrx_word' id='word_1_313' title='bbox 69 1538 165 1570; x_wconf 86' lang='lat' dir='ltr'><strong>etiam</strong></span> <span class='ocrx_word' id='word_1_314' title='bbox 187 1535 319 1582; x_wconf 66' lang='grc' dir='ltr'><strong><em>φιλοῦσ)</em></strong></span> <span class='ocrx_word' id='word_1_315' title='bbox 343 1539 551 1570; x_wconf 80' lang='lat' dir='ltr'><strong>scribendum</strong></span> <span class='ocrx_word' id='word_1_316' title='bbox 574 1546 637 1579; x_wconf 87' lang='lat' dir='ltr'><strong>est,</strong></span> <span class='ocrx_word' id='word_1_317' title='bbox 664 1539 705 1571; x_wconf 88' lang='lat' dir='ltr'><strong>ad</strong></span> <span class='ocrx_word' id='word_1_318' title='bbox 729 1540 814 1582; x_wconf 88' lang='lat' dir='ltr'><strong>quod</strong></span> <span class='ocrx_word' id='word_1_319' title='bbox 838 1540 978 1572; x_wconf 85' lang='lat' dir='ltr'><strong>verbum</strong></span> <span class='ocrx_word' id='word_1_320' title='bbox 1000 1545 1121 1582; x_wconf 87' lang='lat' dir='ltr'><strong>spectat</strong></span> <span class='ocrx_word' id='word_1_321' title='bbox 1144 1535 1249 1575; x_wconf 71' lang='grc' dir='ltr'><strong><em>οὕτως</em></strong></span> <span class='ocrx_word' id='word_1_322' title='bbox 1271 1537 1304 1568; x_wconf 84' lang='grc' dir='ltr'><strong>ἰη</strong></span> <span class='ocrx_word' id='word_1_323' title='bbox 1326 1547 1429 1568; x_wconf 83' lang='lat' dir='ltr'><strong>versu</strong></span> <span class='ocrx_word' id='word_1_324' title='bbox 1450 1535 1623 1579; x_wconf 80' lang='lat' dir='ltr'><strong>proximo,</strong></span> <span class='ocrx_word' id='word_1_325' title='bbox 1648 1535 1720 1577; x_wconf 88' lang='lat' dir='ltr'><strong>qui,</strong></span> <span class='ocrx_word' id='word_1_326' title='bbox 1743 1533 1811 1566; x_wconf 88' lang='lat' dir='ltr'><strong>nisi</strong></span> 
     </span>
     <span class='ocr_line' id='line_1_28' title="bbox 68 1589 1810 1636; baseline -0.003 -10"><span class='ocrx_word' id='word_1_327' title='bbox 68 1592 153 1626; x_wconf 82' lang='lat' dir='ltr'><strong>hanc</strong></span> <span class='ocrx_word' id='word_1_328' title='bbox 175 1605 302 1636; x_wconf 88' lang='lat' dir='ltr'><strong>quoque</strong></span> <span class='ocrx_word' id='word_1_329' title='bbox 323 1594 535 1625; x_wconf 84' lang='lat' dir='ltr'><strong>mutationem</strong></span> <span class='ocrx_word' id='word_1_330' title='bbox 560 1594 747 1634; x_wconf 82' lang='lat' dir='ltr'><strong>admiseris,</strong></span> <span class='ocrx_word' id='word_1_331' title='bbox 771 1595 863 1625; x_wconf 89' lang='lat' dir='ltr'><strong>nullo</strong></span> <span class='ocrx_word' id='word_1_332' title='bbox 878 1595 1011 1626; x_wconf 89' lang='lat' dir='ltr'><strong>omnino</strong></span> <span class='ocrx_word' id='word_1_333' title='bbox 1028 1592 1204 1623; x_wconf 81' lang='lat' dir='ltr'><strong>sententiae</strong></span> <span class='ocrx_word' id='word_1_334' title='bbox 1220 1591 1354 1622; x_wconf 87' lang='lat' dir='ltr'><strong>vinculo</strong></span> <span class='ocrx_word' id='word_1_335' title='bbox 1368 1601 1444 1621; x_wconf 85' lang='lat' dir='ltr'><strong>cum</strong></span> <span class='ocrx_word' id='word_1_336' title='bbox 1462 1590 1524 1621; x_wconf 91' lang='lat' dir='ltr'><strong>hoc</strong></span> <span class='ocrx_word' id='word_1_337' title='bbox 1544 1589 1732 1620; x_wconf 82' lang='lat' dir='ltr'><strong>coniunctus</strong></span> <span class='ocrx_word' id='word_1_338' title='bbox 1747 1595 1810 1621; x_wconf 87' lang='lat' dir='ltr'><strong>est.</strong></span> 
     </span>
    </p>

    <p class='ocr_par' dir='ltr' id='par_1_9' title="bbox 66 1640 1811 2188">
     <span class='ocr_line' id='line_1_29' title="bbox 154 1640 1810 1693; baseline -0.005 -13"><span class='ocrx_word' id='word_1_339' title='bbox 154 1647 199 1682; x_wconf 86' lang='lat' dir='ltr'><strong>V.</strong></span> <span class='ocrx_word' id='word_1_340' title='bbox 221 1650 297 1680; x_wconf 85' lang='lat'><strong>356.</strong></span> <span class='ocrx_word' id='word_1_341' title='bbox 324 1657 396 1680; x_wconf 85' lang='lat' dir='ltr'><strong>ante</strong></span> <span class='ocrx_word' id='word_1_342' title='bbox 421 1648 650 1680; x_wconf 78' lang='lat' dir='ltr'><strong>Wellauerum</strong></span> <span class='ocrx_word' id='word_1_343' title='bbox 679 1647 719 1681; x_wconf 88' lang='grc' dir='ltr'><strong>σὺ</strong></span> <span class='ocrx_word' id='word_1_344' title='bbox 742 1647 780 1681; x_wconf 81' lang='grc' dir='ltr'><strong>δὲ</strong></span> <span class='ocrx_word' id='word_1_345' title='bbox 802 1646 882 1693; x_wconf 75' lang='grc' dir='ltr'><strong><em>παρ’</em></strong></span> <span class='ocrx_word' id='word_1_346' title='bbox 908 1643 1070 1692; x_wconf 77' lang='grc' dir='ltr'><strong><em>ὀψιγόνου</em></strong></span> <span class='ocrx_word' id='word_1_347' title='bbox 1092 1642 1186 1686; x_wconf 68' lang='grc' dir='ltr'><em>μάθε</em></span> <span class='ocrx_word' id='word_1_348' title='bbox 1209 1643 1313 1688; x_wconf 83' lang='grc' dir='ltr'><strong><em>γέρων</em></strong></span> <span class='ocrx_word' id='word_1_349' title='bbox 1335 1640 1382 1675; x_wconf 69' lang='grc' dir='ltr'><strong>ὢν</strong></span> <span class='ocrx_word' id='word_1_350' title='bbox 1409 1643 1630 1685; x_wconf 81' lang='lat' dir='ltr'><strong>vulgabatur,</strong></span> <span class='ocrx_word' id='word_1_351' title='bbox 1662 1654 1721 1683; x_wconf 84' lang='lat' dir='ltr'><strong>pro</strong></span> <span class='ocrx_word' id='word_1_352' title='bbox 1744 1653 1810 1684; x_wconf 84' lang='lat' dir='ltr'><strong>quo</strong></span> 
     </span>
     <span class='ocr_line' id='line_1_30' title="bbox 68 1695 1810 1747; baseline -0.004 -10"><span class='ocrx_word' id='word_1_353' title='bbox 68 1702 264 1737; x_wconf 84' lang='lat' dir='ltr'><strong>vetustiores</strong></span> <span class='ocrx_word' id='word_1_354' title='bbox 288 1703 447 1736; x_wconf 79' lang='lat' dir='ltr'><strong>Turnebo</strong></span> <span class='ocrx_word' id='word_1_355' title='bbox 464 1704 538 1735; x_wconf 86' lang='lat' dir='ltr'><strong>libri</strong></span> <span class='ocrx_word' id='word_1_356' title='bbox 561 1702 775 1747; x_wconf 77' lang='grc' dir='ltr'><strong><em>γεραφρόνων</em></strong></span> <span class='ocrx_word' id='word_1_357' title='bbox 797 1703 970 1741; x_wconf 83' lang='lat' dir='ltr'><strong>exhibent,</strong></span> <span class='ocrx_word' id='word_1_358' title='bbox 995 1700 1079 1743; x_wconf 89' lang='lat' dir='ltr'><strong>qnod</strong></span> <span class='ocrx_word' id='word_1_359' title='bbox 1103 1708 1237 1732; x_wconf 86' lang='lat' dir='ltr'><strong>accentu</strong></span> <span class='ocrx_word' id='word_1_360' title='bbox 1254 1707 1379 1730; x_wconf 85' lang='lat' dir='ltr'><strong>mutato</strong></span> <span class='ocrx_word' id='word_1_361' title='bbox 1396 1698 1540 1741; x_wconf 84' lang='lat' dir='ltr'><strong>recipere</strong></span> <span class='ocrx_word' id='word_1_362' title='bbox 1561 1708 1625 1728; x_wconf 88' lang='lat' dir='ltr'><strong>non</strong></span> <span class='ocrx_word' id='word_1_363' title='bbox 1646 1695 1810 1730; x_wconf 78' lang='lat' dir='ltr'><strong>dubitavit</strong></span> 
     </span>
     <span class='ocr_line' id='line_1_31' title="bbox 68 1750 1811 1801; baseline -0.005 -9"><span class='ocrx_word' id='word_1_364' title='bbox 68 1757 291 1792; x_wconf 81' lang='lat' dir='ltr'><strong>Wellauerus.</strong></span> <span class='ocrx_word' id='word_1_365' title='bbox 337 1758 501 1801; x_wconf 88' lang='lat' dir='ltr'><strong>Hauptius</strong></span> <span class='ocrx_word' id='word_1_366' title='bbox 525 1766 633 1790; x_wconf 80' lang='lat' dir='ltr'><strong>autem</strong></span> <span class='ocrx_word' id='word_1_367' title='bbox 655 1757 840 1789; x_wconf 83' lang='lat' dir='ltr'><strong>Hermanni</strong></span> <span class='ocrx_word' id='word_1_368' title='bbox 863 1765 892 1788; x_wconf 88' lang='lat' dir='ltr'><strong>et</strong></span> <span class='ocrx_word' id='word_1_369' title='bbox 915 1755 1103 1798; x_wconf 84' lang='lat' dir='ltr'><strong>Burgessii‚</strong></span> <span class='ocrx_word' id='word_1_370' title='bbox 1126 1755 1180 1797; x_wconf 91' lang='lat' dir='ltr'><strong>qui</strong></span> <span class='ocrx_word' id='word_1_371' title='bbox 1206 1750 1419 1798; x_wconf 78' lang='grc' dir='ltr'><strong><em>γεραιόφρων</em></strong></span> <span class='ocrx_word' id='word_1_372' title='bbox 1434 1759 1699 1795; x_wconf 79' lang='lat' dir='ltr'><strong>proposuerunt,</strong></span> <span class='ocrx_word' id='word_1_373' title='bbox 1734 1763 1811 1784; x_wconf 89' lang='lat' dir='ltr'><strong>sen-</strong></span> 
     </span>
     <span class='ocr_line' id='line_1_32' title="bbox 67 1805 1809 1855; baseline -0.006 -10"><span class='ocrx_word' id='word_1_374' title='bbox 67 1812 199 1845; x_wconf 82' lang='lat' dir='ltr'><strong>tentiam</strong></span> <span class='ocrx_word' id='word_1_375' title='bbox 221 1812 347 1855; x_wconf 82' lang='lat' dir='ltr'><strong>probat.</strong></span> <span class='ocrx_word' id='word_1_376' title='bbox 398 1812 482 1844; x_wconf 83' lang='lat' dir='ltr'><strong>Mihi</strong></span> <span class='ocrx_word' id='word_1_377' title='bbox 513 1824 608 1845; x_wconf 90' lang='lat' dir='ltr'><strong>nemo</strong></span> <span class='ocrx_word' id='word_1_378' title='bbox 638 1811 673 1844; x_wconf 87' lang='lat' dir='ltr'><strong>id</strong></span> <span class='ocrx_word' id='word_1_379' title='bbox 694 1811 828 1845; x_wconf 79' lang='lat' dir='ltr'><strong>videtur</strong></span> <span class='ocrx_word' id='word_1_380' title='bbox 849 1810 1049 1855; x_wconf 80' lang='lat' dir='ltr'><strong>repperisse,</strong></span> <span class='ocrx_word' id='word_1_381' title='bbox 1081 1809 1167 1852; x_wconf 84' lang='lat' dir='ltr'><strong>quod</strong></span> <span class='ocrx_word' id='word_1_382' title='bbox 1192 1808 1359 1852; x_wconf 87' lang='lat' dir='ltr'><strong>probabile</strong></span> <span class='ocrx_word' id='word_1_383' title='bbox 1382 1806 1431 1838; x_wconf 91' lang='lat' dir='ltr'><strong>sit.</strong></span> <span class='ocrx_word' id='word_1_384' title='bbox 1477 1809 1506 1838; x_wconf 88' lang='grc' dir='ltr'><em>Γ</em></span> <span class='ocrx_word' id='word_1_385' title='bbox 1502 1805 1697 1849; x_wconf 77' lang='grc' dir='ltr'><strong><em>εραφρονῶν</em></strong></span> <span class='ocrx_word' id='word_1_386' title='bbox 1720 1806 1809 1839; x_wconf 83' lang='lat' dir='ltr'><strong>enim</strong></span> 
     </span>
     <span class='ocr_line' id='line_1_33' title="bbox 68 1859 1809 1910; baseline -0.005 -10"><span class='ocrx_word' id='word_1_387' title='bbox 68 1875 115 1901; x_wconf 78' lang='lat' dir='ltr'><strong>est</strong></span> <span class='ocrx_word' id='word_1_388' title='bbox 135 1868 333 1902; x_wconf 76' lang='lat' dir='ltr'><strong>vocabulum</strong></span> <span class='ocrx_word' id='word_1_389' title='bbox 360 1868 522 1910; x_wconf 82' lang='lat' dir='ltr'><strong>pessimae</strong></span> <span class='ocrx_word' id='word_1_390' title='bbox 551 1875 645 1901; x_wconf 85' lang='lat' dir='ltr'><strong>notae</strong></span> <span class='ocrx_word' id='word_1_391' title='bbox 675 1879 713 1900; x_wconf 89' lang='lat' dir='ltr'><strong>ac</strong></span> <span class='ocrx_word' id='word_1_392' title='bbox 735 1868 802 1900; x_wconf 84' lang='lat' dir='ltr'><strong>fere</strong></span> <span class='ocrx_word' id='word_1_393' title='bbox 819 1875 1001 1899; x_wconf 83' lang='lat' dir='ltr'><strong>monstrum</strong></span> <span class='ocrx_word' id='word_1_394' title='bbox 1015 1864 1186 1905; x_wconf 88' lang='lat' dir='ltr'><strong>vocabuli,</strong></span> <span class='ocrx_word' id='word_1_395' title='bbox 1209 1864 1295 1906; x_wconf 88' lang='lat' dir='ltr'><strong>quod</strong></span> <span class='ocrx_word' id='word_1_396' title='bbox 1318 1874 1382 1894; x_wconf 90' lang='lat' dir='ltr'><strong>non</strong></span> <span class='ocrx_word' id='word_1_397' title='bbox 1404 1861 1510 1893; x_wconf 85' lang='lat' dir='ltr'><strong>solum</strong></span> <span class='ocrx_word' id='word_1_398' title='bbox 1527 1859 1690 1902; x_wconf 80' lang='lat' dir='ltr'><strong>exemplis</strong></span> <span class='ocrx_word' id='word_1_399' title='bbox 1707 1868 1809 1892; x_wconf 66' lang='lat' dir='ltr'><strong>caret,</strong></span> 
     </span>
     <span class='ocr_line' id='line_1_34' title="bbox 67 1913 1810 1966; baseline -0.005 -10"><span class='ocrx_word' id='word_1_400' title='bbox 67 1934 185 1956; x_wconf 80' lang='lat' dir='ltr'><strong>verum</strong></span> <span class='ocrx_word' id='word_1_401' title='bbox 203 1924 317 1963; x_wconf 82' lang='lat' dir='ltr'><strong>etiam,</strong></span> <span class='ocrx_word' id='word_1_402' title='bbox 343 1923 375 1954; x_wconf 85' lang='lat' dir='ltr'><strong>id</strong></span> <span class='ocrx_word' id='word_1_403' title='bbox 396 1925 480 1965; x_wconf 88' lang='lat' dir='ltr'><strong>quod</strong></span> <span class='ocrx_word' id='word_1_404' title='bbox 493 1923 630 1966; x_wconf 86' lang='lat' dir='ltr'><strong>gravius</strong></span> <span class='ocrx_word' id='word_1_405' title='bbox 644 1930 703 1964; x_wconf 87' lang='lat' dir='ltr'><strong>est,</strong></span> <span class='ocrx_word' id='word_1_406' title='bbox 723 1922 890 1964; x_wconf 84' lang='lat' dir='ltr'><strong>analogiae</strong></span> <span class='ocrx_word' id='word_1_407' title='bbox 908 1920 1035 1961; x_wconf 82' lang='lat' dir='ltr'><strong>legibus</strong></span> <span class='ocrx_word' id='word_1_408' title='bbox 1049 1927 1219 1963; x_wconf 82' lang='lat' dir='ltr'><strong>repugnat.</strong></span> <span class='ocrx_word' id='word_1_409' title='bbox 1252 1918 1364 1959; x_wconf 84' lang='lat' dir='ltr'><strong>Neque</strong></span> <span class='ocrx_word' id='word_1_410' title='bbox 1383 1916 1467 1948; x_wconf 85' lang='lat' dir='ltr'><strong>inest</strong></span> <span class='ocrx_word' id='word_1_411' title='bbox 1479 1915 1510 1947; x_wconf 95' lang='lat' dir='ltr'><strong>in</strong></span> <span class='ocrx_word' id='word_1_412' title='bbox 1525 1913 1624 1958; x_wconf 82' lang='grc' dir='ltr'><strong><em>γέρας</em></strong></span> <span class='ocrx_word' id='word_1_413' title='bbox 1635 1916 1810 1950; x_wconf 78' lang='lat' dir='ltr'><strong>senectutis</strong></span> 
     </span>
     <span class='ocr_line' id='line_1_35' title="bbox 67 1971 1806 2022; baseline -0.003 -13"><span class='ocrx_word' id='word_1_414' title='bbox 67 1977 167 2010; x_wconf 84' lang='lat' dir='ltr'><strong>notio.</strong></span> <span class='ocrx_word' id='word_1_415' title='bbox 214 1981 245 2011; x_wconf 97' lang='grc' dir='ltr'><em>Γ</em></span> <span class='ocrx_word' id='word_1_416' title='bbox 242 1975 433 2022; x_wconf 76' lang='grc' dir='ltr'><strong><em>εραιόφρων</em></strong></span> <span class='ocrx_word' id='word_1_417' title='bbox 455 1986 564 2011; x_wconf 83' lang='lat' dir='ltr'><strong>autem</strong></span> <span class='ocrx_word' id='word_1_418' title='bbox 587 1990 653 2011; x_wconf 89' lang='lat' dir='ltr'><strong>non</strong></span> <span class='ocrx_word' id='word_1_419' title='bbox 675 1977 753 2010; x_wconf 80' lang='lat' dir='ltr'><strong>satis</strong></span> <span class='ocrx_word' id='word_1_420' title='bbox 777 1978 817 2009; x_wconf 87' lang='lat' dir='ltr'><strong>ad</strong></span> <span class='ocrx_word' id='word_1_421' title='bbox 840 1977 1019 2009; x_wconf 83' lang='lat' dir='ltr'><strong>litterarum</strong></span> <span class='ocrx_word' id='word_1_422' title='bbox 1042 1974 1075 2005; x_wconf 90' lang='lat' dir='ltr'><strong>in</strong></span> <span class='ocrx_word' id='word_1_423' title='bbox 1099 1974 1188 2005; x_wconf 86' lang='lat' dir='ltr'><strong>libris</strong></span> <span class='ocrx_word' id='word_1_424' title='bbox 1216 1979 1421 2004; x_wconf 85' lang='lat' dir='ltr'><strong>servatarum</strong></span> <span class='ocrx_word' id='word_1_425' title='bbox 1444 1971 1691 2003; x_wconf 88' lang='lat' dir='ltr'><strong>similitudinem</strong></span> <span class='ocrx_word' id='word_1_426' title='bbox 1715 1982 1806 2003; x_wconf 87' lang='lat' dir='ltr'><strong>acce-</strong></span> 
     </span>
     <span class='ocr_line' id='line_1_36' title="bbox 68 2026 1803 2073; baseline -0.001 -11"><span class='ocrx_word' id='word_1_427' title='bbox 68 2030 126 2063; x_wconf 82' lang='lat' dir='ltr'><strong>dit.</strong></span> <span class='ocrx_word' id='word_1_428' title='bbox 155 2031 233 2064; x_wconf 86' lang='lat' dir='ltr'><strong>Alia</strong></span> <span class='ocrx_word' id='word_1_429' title='bbox 248 2045 373 2073; x_wconf 79' lang='lat' dir='ltr'><strong>caussa,</strong></span> <span class='ocrx_word' id='word_1_430' title='bbox 389 2033 493 2064; x_wconf 89' lang='lat' dir='ltr'><strong>curin</strong></span> <span class='ocrx_word' id='word_1_431' title='bbox 511 2032 562 2064; x_wconf 90' lang='lat' dir='ltr'><strong>his</strong></span> <span class='ocrx_word' id='word_1_432' title='bbox 578 2032 855 2064; x_wconf 85' lang='lat' dir='ltr'><strong>emendationibus</strong></span> <span class='ocrx_word' id='word_1_433' title='bbox 872 2029 1140 2073; x_wconf 80' lang='lat' dir='ltr'><strong>acquiescendum</strong></span> <span class='ocrx_word' id='word_1_434' title='bbox 1153 2040 1216 2059; x_wconf 88' lang='lat' dir='ltr'><strong>non</strong></span> <span class='ocrx_word' id='word_1_435' title='bbox 1233 2039 1301 2059; x_wconf 82' lang='lat' dir='ltr'><strong>esse</strong></span> <span class='ocrx_word' id='word_1_436' title='bbox 1319 2035 1441 2070; x_wconf 79' lang='lat' dir='ltr'><strong>putem,</strong></span> <span class='ocrx_word' id='word_1_437' title='bbox 1457 2026 1564 2070; x_wconf 81' lang='lat' dir='ltr'><strong>posita</strong></span> <span class='ocrx_word' id='word_1_438' title='bbox 1582 2033 1629 2057; x_wconf 85' lang='lat' dir='ltr'><strong>est</strong></span> <span class='ocrx_word' id='word_1_439' title='bbox 1644 2026 1679 2058; x_wconf 91' lang='lat' dir='ltr'><strong>in</strong></span> <span class='ocrx_word' id='word_1_440' title='bbox 1690 2036 1803 2060; x_wconf 85' lang='lat' dir='ltr'><strong>metro.</strong></span> 
     </span>
     <span class='ocr_line' id='line_1_37' title="bbox 67 2081 1810 2130; baseline -0.001 -14"><span class='ocrx_word' id='word_1_441' title='bbox 67 2084 181 2127; x_wconf 79' lang='lat' dir='ltr'><strong>Quum</strong></span> <span class='ocrx_word' id='word_1_442' title='bbox 203 2087 291 2118; x_wconf 87' lang='lat' dir='ltr'><strong>enim</strong></span> <span class='ocrx_word' id='word_1_443' title='bbox 313 2087 378 2118; x_wconf 84' lang='lat' dir='ltr'><strong>duo</strong></span> <span class='ocrx_word' id='word_1_444' title='bbox 401 2087 527 2130; x_wconf 82' lang='lat' dir='ltr'><strong>priores</strong></span> <span class='ocrx_word' id='word_1_445' title='bbox 555 2086 751 2128; x_wconf 84' lang='lat' dir='ltr'><strong>antistrophi</strong></span> <span class='ocrx_word' id='word_1_446' title='bbox 782 2097 897 2117; x_wconf 83' lang='lat' dir='ltr'><strong>versus</strong></span> <span class='ocrx_word' id='word_1_447' title='bbox 928 2084 1165 2116; x_wconf 79' lang='lat' dir='ltr'><strong>accuratissime</strong></span> <span class='ocrx_word' id='word_1_448' title='bbox 1194 2083 1234 2114; x_wconf 86' lang='lat' dir='ltr'><strong>ad</strong></span> <span class='ocrx_word' id='word_1_449' title='bbox 1264 2082 1416 2124; x_wconf 83' lang='lat' dir='ltr'><strong>strophae</strong></span> <span class='ocrx_word' id='word_1_450' title='bbox 1445 2081 1583 2113; x_wconf 85' lang='lat' dir='ltr'><strong>sormam</strong></span> <span class='ocrx_word' id='word_1_451' title='bbox 1610 2081 1810 2123; x_wconf 84' lang='lat' dir='ltr'><strong>compositae</strong></span> 
     </span>
     <span class='ocr_line' id='line_1_38' title="bbox 66 2135 1805 2188; baseline -0.005 -14"><span class='ocrx_word' id='word_1_452' title='bbox 66 2140 149 2183; x_wconf 77' lang='lat' dir='ltr'><strong>sint,</strong></span> <span class='ocrx_word' id='word_1_453' title='bbox 172 2147 208 2173; x_wconf 92' lang='lat' dir='ltr'><strong>ut</strong></span> <span class='ocrx_word' id='word_1_454' title='bbox 229 2142 376 2186; x_wconf 85' lang='lat' dir='ltr'><strong>syllabae</strong></span> <span class='ocrx_word' id='word_1_455' title='bbox 390 2141 529 2188; x_wconf 83' lang='lat' dir='ltr'><strong>syllabis</strong></span> <span class='ocrx_word' id='word_1_456' title='bbox 546 2141 775 2184; x_wconf 81' lang='lat' dir='ltr'><strong>respondeant,</strong></span> <span class='ocrx_word' id='word_1_457' title='bbox 799 2140 896 2172; x_wconf 82' lang='lat' dir='ltr'><strong>etiam</strong></span> <span class='ocrx_word' id='word_1_458' title='bbox 917 2139 952 2171; x_wconf 81' lang='lat' dir='ltr'><strong>in</strong></span> <span class='ocrx_word' id='word_1_459' title='bbox 973 2140 1035 2172; x_wconf 88' lang='lat' dir='ltr'><strong>hoc</strong></span> <span class='ocrx_word' id='word_1_460' title='bbox 1051 2149 1152 2171; x_wconf 85' lang='lat' dir='ltr'><strong>versu</strong></span> <span class='ocrx_word' id='word_1_461' title='bbox 1168 2137 1303 2169; x_wconf 89' lang='lat' dir='ltr'><strong>eandem</strong></span> <span class='ocrx_word' id='word_1_462' title='bbox 1317 2148 1532 2168; x_wconf 85' lang='lat' dir='ltr'><strong>numerorum</strong></span> <span class='ocrx_word' id='word_1_463' title='bbox 1545 2135 1805 2177; x_wconf 86' lang='lat' dir='ltr'><strong>aequabilitatem</strong></span> 
     </span>
    </p>
   </div>
   <div class='ocr_carea' id='block_1_5' title="bbox 1418 2198 1442 2230">
    <p class='ocr_par' dir='ltr' id='par_1_10' title="bbox 1418 2198 1442 2230">
     <span class='ocr_line' id='line_1_39' title="bbox 1418 2198 1442 2230; baseline 0 0"><span class='ocrx_word' id='word_1_464' title='bbox 1418 2198 1442 2230; x_wconf 85' lang='lat'><strong>2</strong></span> 
     </span>
    </p>
   </div>
   <div class='ocr_carea' id='block_1_6' title="bbox 1889 1269 1892 1879">
    <p class='ocr_par' dir='ltr' id='par_1_11' title="bbox 1889 1269 1892 1879">
     <span class='ocr_line' id='line_1_40' title="bbox 1889 1269 1892 1879; baseline 0 0"><span class='ocrx_word' id='word_1_465' title='bbox 1889 1269 1892 1879; x_wconf 95' lang='lat' dir='ltr'><strong> </strong></span> 
     </span>
    </p>
   </div>
  </div>
 </body>
</html>
