1892 2442
784 102 847 110 ...
953 83 981 123 8
1087 90 1148 113 -..-

81 194 262 239 scripturas
286 194 398 227 deberi
417 201 510 239 puto.
553 193 710 229 Poteram
731 196 892 229 nonnulla
918 196 986 229 alia
1007 165 1162 243 exmpl-
1184 199 1321 240 addere,
1346 201 1417 234 ubi
1425 197 1551 235 abiecto
1571 214 1590 235 ν
1605 202 1834 250 ephelcystieu

81 258 188 284 metro
207 249 383 283 consuluit.
429 247 497 282 Sed
519 249 669 294 pluribus
694 249 794 283 etiam
814 249 902 283 idem
924 251 1120 294 emendandi
1140 264 1244 295 genus
1265 255 1412 287 mineris
1433 255 1564 299 nocuit,
1597 268 1697 300 quum
1726 258 1832 297 editor

81 307 233 339 omnibus
256 304 338 338 locis
360 304 454 337 illam
474 303 619 337 litteram
639 306 827 349 expellere,
849 305 949 337 etiam
968 305 1032 338 ubi
1044 307 1233 341 nee-suria
1254 316 1356 350 esset,
1376 309 1425 341 in
1434 311 1581 343 animum
1600 312 1819 346 induxisset.

187 359 262 392 Iam
288 359 330 391 ad
360 359 452 391 aliud
481 359 745 392 emendationum
773 358 1072 394 Turnebianarnm-
1095 364 1198 404 genu
1230 362 1359 396 accedo.
1415 363 1540 396 Exstat
1571 366 1659 398 enim
1690 376 1829 409 magnus

80 415 312 459 exemplorum
347 426 525 455 numerus,
557 413 615 446 nbi
648 425 751 457 quum
785 418 829 447 ne
862 413 958 447 hodie
984 414 1245 457 quide-intalae
1271 417 1340 450 eins
1375 418 1580 452 coniecturae
1606 431 1625 452 e
1650 421 1832 454 verborum

80 476 240 503 contextu
262 469 383 501 eiectae
405 469 481 510 sint,
503 475 599 512 poeta
622 467 801 501 etiamnum
821 468 1030 513 vulneribus,
1052 481 1137 515 quae
1152 472 1259 506 editor
1273 472 1337 506 iste
1352 473 1386 506 ei·
1398 473 1535 516 inflixit,
1547 475 1706 511 Jaborat.
1723 476 1834 520 Quo-

79 537 155 558 rum
177 531 304 569 partem
326 523 457 567 quidem
476 522 690 556 Wellanerus
712 523 844 556 sustulit
865 525 1033 559 revocatis*
1049 527 1225 560 meliorum
1236 527 1407 569 *librorum
1424 528 1615 574 scriptun-iu
1644 531 1704 564 sed
1723 539 1833 565 tamen

78 582 107 615 is
129 592 259 624 qnoque
280 592 348 612 non
368 585 539 623 perspecta
559 578 656 611 huius
680 578 830 611 editionis
852 578 962 612 indole
982 581 1103 614 multos
1124 582 1219 615 locos·
1237 583 1456 617 emendandos
1477 584 1619 627 reliquit.
1662 584 1752 619 Nam
1770 598 1833 631 pa·-

79 635 163 668 riter
186 643 282 677 atque
301 633 431 677 priores
454 634 594 666 editores
616 633 690 675 veri
712 633 852 676 quadam
874 633 980 676 specie
1002 635 1153 680 deceptus
1174 636 1261 669 iusto
1283 637 1431 681 cupidius
1459 637 1494 670 id
1523 639 1611 681 quod
1631 639 1833 684 apudQTur-

79 692 202 724 nebum
224 696 296 722 erat
317 688 458 733 arripnit
479 700 555 721 cum
574 687 725 721 maximo
746 695 860 731 poetae
883 687 1089 722 detrimento.
1126 690 1240 733 Quare
1261 701 1363 734 quum
1382 690 1568 725 istaseditio
1586 694 1713 726 nullam
1732 704 1832 738 pror-

79 757 136 780 sus
165 744 392 777 auctoritatem
418 744 556 786 habeat,
589 754 719 787 semper
749 742 806 775 ubi
837 743 907 776 sola
936 743 1058 787 aliquid
1087 744 1239 788 praebet,
1275 745 1323 778 de*
1344 746 1495 790 ipsarum
1514 747 1698 782 lectionum
1724 749 1832 794 pretio

81 801 307 846 quaerendum
328 806 389 832 est.
426 799 526 842 Quod
548 798 577 831 si
597 798 795 841 fecerimus,
818 798 859 831 de
879 798 992 832 multis
1014 798 1187 842 versibus,
1208 799 1266 832 ubi
1286 812 1376 833 nunc
1395 801 1493 834 lectio
1515 801 1832 848 'tumebit-aquo-

82 857 155 890 bari
177 857 278 897 solet,
299 855 374 887 iure
395 853 628 887 dubitabimus.

166 911 214 944 Ut
242 912 344 954 igitur
377 921 424 942 ex
445 910 506 942 hac
538 909 757 954 disputatione
786 909 909 953 aliquid
935 908 1083 954 utilitatis
1109 909 1147 943 in
1176 917 1307 955 poetam
1335 912 1513 955 redundet,
1550 924 1605 962 eos
1633 913 1743 957 locos,
1771 915 1830 959 qui

81 981 102 1002 a
115 967 281 1001 ‘rm-nebo
304 965 477 1010 depravati
499 972 555 997 aut
575 965 748 998 infeliciter
769 964 886 997 tentati
907 963 1134 997 emendatione
1153 965 1320 1008 indigent,
1340 967 1487 1000 tractabo
1508 974 1559 1009 et,
1571 966 1611 999 ,εἰ
1630 967 1703 1000 fieri
1714 975 1832 1012 potest,

81 1023 161 1067 quid
183 1029 279 1066 poeta
300 1020 471 1065 scripserit
492 1020 674 1053 ostendam.
707 1019 765 1052 Ex
788 1031 851 1062 qua
872 1019 1091 1063 disputatione
1111 1020 1211 1054 simul
1231 1022 1417 1067 apparebit,
1439 1021 1530 1055 cuius
1551 1022 1681 1065 generis
1702 1023 1837 1066 plerae-v

81 1091 144 1124 que
166 1079 233 1111 sint
255 1078 394 1110 editores
416 1075 505 1108 illius
527 1075 780 1108 emendationes.
829 1074 871 1107 V·
885 1075 936 1107 16.
958 1076 1021 1119 τῆς
1043 1072 1261 1121 οἰστροδόνου
1266 1103 1277 1118 ,
1301 1078 1387 1120 quod
1409 1090 1498 1109 nunc
1522 1089 1567 1110 ex
1579 1077 1624 1111 Τ.
1643 1077 1831 1113 coniectura

79 1133 259 1175 vulgatur,
281 1142 382 1174 quum
404 1128 606 1171 antiquiores
628 1129 708 1162 libri
728 1129 800 1162 sere
814 1140 934 1162 omnes
963 1128 1188 1176 οἶστροδόμου
1217 1132 1376 1173 habeant,
1402 1132 1490 1165 haud
1517 1132 1604 1165 male
1626 1133 1758 1175 quidem
1777 1134 1832 1167 ifl-

81 1195 223 1222 ventum
245 1194 294 1219 est
317 1193 347 1219 et
369 1186 587 1219 confirmatur
608 1185 772 1219 vocabulo
794 1181 1051 1230 οἶστροδόνητος
1071 1198 1108 1220 v.
1119 1186 1195 1220 568.
1229 1184 1295 1220 Sed
1317 1193 1427 1219 tamen
1449 1198 1550 1229 quum
1571 1197 1591 1219 o
1613 1193 1646 1219 et
1661 1199 1684 1220 α
1705 1187 1832 1222 litterae

81 1244 117 1276 in
137 1241 303 1285 Aeschyli
325 1240 419 1273 libris
441 1252 539 1284 saepe
558 1241 716 1273 confusae
733 1241 820 1273 inter
834 1252 869 1273 se
885 1241 966 1281 sint,
989 1241 1169 1274 videndum
1181 1249 1230 1274 est
1245 1253 1288 1275 an
1301 1249 1395 1286 poeta
1411 1239 1638 1286 οἶστροὸάμου
1652 1244 1831 1287 scripserit.

167 1297 215 1330 V.
229 1298 285 1330 19.
306 1294 381 1329 τίνα
403 1296 499 1339 γοῦν.
522 1295 570 1329 Μ.
593 1293 684 1329 τίναι
705 1290 783 1331 οὖν.
806 1286 926 1337 reliqui
945 1294 1026 1328 libri
1046 1294 1122 1328 τίνα
1142 1291 1214 1329 οὖν.
1254 1296 1369 1340 Quum
1386 1296 1621 1329 sententiarum
1633 1309 1741 1332 nexus
1761 1311 1831 1333 non

81 1353 323 1394 restrictivam,
345 1352 403 1384 sed
417 1351 659 1385 consecutivam
676 1351 872 1396 particulam
885 1351 1049 1393 requirat,
1069 1351 1305 1385 Turnebianae
1317 1351 1535 1385 emendationi
1550 1352 1648 1395 longe
1663 1361 1832 1397 praestare

82 1410 216 1444 videtur
237 1408 461 1451 Burgessiana
482 1404 541 1441 τίν’
566 1420 607 1441 αν
629 1403 707 1449 οὖν,
728 1407 766 1441 in
787 1419 852 1451 qua
873 1406 974 1440 etiam
994 1403 1035 1441 ἂν
1056 1406 1218 1452 particula
1234 1406 1461 1450 percommode
1484 1407 1526 1440 ad
1541 1414 1665 1440 rectam
1683 1407 1832 1442 enuntia-

83 1466 180 1501 tionis
203 1466 351 1499 formam
373 1465 482 1498 addita
504 1472 565 1498 est.
1834 1491 1836 1493 Ι

189 1521 233 1555 V.
256 1522 313 1555 75.
336 1522 550 1564 στυγοῦντες,
580 1533 643 1565 pro
676 1534 741 1565 quo
773 1533 874 1565 quum
905 1534 925 1555 a
945 1518 1142 1554 Wellauero
1169 1528 1216 1550 ex
1242 1517 1377 1561 reliquis
1403 1517 1499 1551 libris
1522 1515 1696 1562 στύγοντες
1717 1520 1832 1557 afferri

80 1575 259 1616 vidissem,
281 1576 492 1621 Aeschylum
513 1575 686 1618 στέγοντες
709 1576 891 1618 (arcentes)
913 1575 1063 1619 posuisse
1085 1572 1304 1606 coniiciebam.
1345 1573 1457 1616 Quod
1480 1573 1614 1616 quidem
1633 1574 1837 1611 vocabulum·

83 1630 182 1663 etiam
205 1629 297 1674 Sept.
319 1642 347 1663 c,
371 1630 480 1663 Theb.
504 1644 537 1664 v.
562 1632 666 1671 1000,
689 1630 746 1663 ubi
769 1630 919 1663 nonnulli
942 1629 1019 1662 libri
1047 1639 1110 1673 pro
1137 1625 1256 1672 εἴργων
1277 1628 1404 1671 στυγῶν
1426 1628 1833 1670 1ι81ηιιτ,.«ι·ε’3ῐίειιειιᾶιιιι

82 1692 149 1726 est,
180 1697 283 1728 quum
311 1682 430 1729 εἷ’ργων
459 1685 542 1718 illud
570 1685 655 1718 nihil
676 1686 719 1718 sit
740 1685 806 1718 nisi
828 1684 1004 1730 explicatio
1026 1683 1126 1717 verbi
1145 1682 1281 1726 στέγων.
1337 1681 1392 1716 Cf.
1415 1681 1526 1716 Schol.
1550 1683 1731 1730 adSuppl.
1753 1686 1832 1722 128.

83 1737 149 1772 ἅλα
167 1739 306 1783 στέγων]
321 1739 382 1784 τὴν
394 1738 578 1773 θάλασσαν
601 1738 730 1785 εἴργων.
766 1741 833 1774 Sed
847 1750 953 1784 quum
962 1736 1136 1783 στύγοντες
1148 1739 1237 1771 istud
1252 1738 1378 1772 vitium
1389 1738 1663 1784 typographicam
1682 1739 1841 1781 editiqnis:

81 1793 295 1831 Butlerianae
328 1805 400 1827 esse
427 1794 689 1836 intellexissem,
729 1794 916 1829 Wellaneri
949 1792 1152 1837 negligentia
1183 1799 1423 1838 propagatum,
1458 1792 1603 1836 (antiqui
1635 1793 1738 1826 enim
1747 1792 1834 1832 libri

81 1845 256 1893 στυγόντες
277 1850 456 1893 exhibent,
484 1857 572 1883 certe
593 1850 642 1884 M.
660 1850 706 1884 R.
723 1851 769 1884 A.
774 1852 810 1895 )‚
832 1851 925 1883 illam
942 1847 1203 1883 emendationem
1220 1859 1359 1892 prorsus
1376 1848 1527 1882 inutilem
1544 1860 1615 1882 esse
1631 1847 1739 1890 sensi}
1750 1844 1839 1884 iiam?

83 1905 217 1948 antiqua
241 1904 353 1947 lectio,
377 1917 397 1938 a
419 1905 466 1938 T.
489 1917 664 1950 perperam
683 1914 823 1948 mutata,
843 1906 900 1939 vel
922 1911 1093 1950 propterea
1114 1904 1331 1949 praeferenda
1352 1903 1500 1945 videtur,
1522 1904 1609 1947 quod
1626 1901 1834 1948 aoristip'n-

83 1959 231 2003 ticipium
255 1958 368 1999 δόντες
391 1961 555 2004 praecedit
575 1972 638 1994 nec
659 1961 729 1993 ulla
749 1962 911 2006 temporis
926 1959 1075 1995 mutandi
1096 1959 1182 1993 ratio
1204 1966 1352 2004 apparet.
1396 1958 1558 1993 Similiter
1578 1970 1616 1991 v.
1637 1959 1715 1992 523.
1731 1956 1833 2005 ὕβριν

83 2008 120 2049 εὖ
143 2011 311 2059 στυγήσας
330 2014 463 2057 legitur.
506 2014 549 2052 In
569 2015 704 2049 secundi
726 2024 834 2049 autem
855 2016 970 2051 aoristi
989 2015 1098 2049 forma
1116 2026 1232 2054 nemu,
1253 2022 1332 2060 puto
1338 2037 1351 2058 ,
1372 2015 1533 2057 offendet,
1555 2025 1662 2058 quum.
1666 2013 1832 2090 Homer-'au

84 2070 151 2104 od.
175 2070 223 2112 X,
246 2072 324 2104 113.
348 2077 379 2103 et
401 2069 823 2115 11.XV11.694.3'owys
844 2072 978 2107 dixerit.
1718 2080 1721 2091 ⁵
1835 2079 1839 2102 ἰ

170 2124 214 2157 V.
239 2124 313 2158 183.
335 2123 522 2166 τεθυμένος
550 2126 642 2161 omni
668 2126 733 2159 fide
762 2126 804 2159 ab
831 2126 925 2159 libris
955 2134 1063 2169 caret,
1092 2126 1150 2170 qui
1140 2091 1366 2169 τεθειμένος
1387 2099 1574 2194 praebent,
1597 2123 1634 2157 in
1655 2100 1735 2169 quo:
1727 2084 1840 2159 aliud*

84 2177 163 2224 quid
194 2178 283 2214 latet.
326 2178 471 2223 Verba,
504 2191 587 2225 quae
619 2180 713 2228 Sept.
742 2193 778 2217 v.
801 2181 856 2217 79.
890 2181 1063 2229 leguntur,
1094 2185 1256 2228 μεθεῖται
1281 2180 1425 2230 στρατὸς
1451 2177 1681 2230 στρατόπέδον
1711 2178 1831 2225 λιπών,
