1892 2442
753 61 843 104 ,-.
945 9 979 82 4*
1065 63 1167 119 -.,

984 96 1050 118 *n*-

886 100 950 119 ⁷*''x
980 111 989 119 ι

78 154 142 197 (Μ.
155 154 266 187 littera
281 165 301 187 a
315 153 412 187 nobis
434 137 664 196 significatus»
681 110 794 186 codex
812 152 989 187 Parisinus
1002 151 1091 190 Μ
1104 116 1241 199 Regius
1251 150 1304 189 Ε.
1317 141 1372 199 (Ρ.
1374 157 1402 200 ),
1423 157 1529 192 codex
1550 159 1829 206 Guelferbytanus

58 208 136 252 (G.
139 211 166 252 ),
190 208 291 242 editio
310 200 438 242 Aldina
461 208 522 251 (A.
523 209 558 252 )‚
581 207 831 242 Robortelliana
855 208 913 252 (R.
916 210 965 252 ),
970 207 1189 243 Turnbbiana
1211 209 1287 254 (Τ.
1295 233 1307 252 ,
1329 209 1533 247 Victoriana.
1576 214 1708 248 Horum
1726 216 1829 249 libro-

77 276 156 299 rum
176 276 378 309 magnopere
399 263 575 297 dolendum
596 271 646 296 est
669 264 756 307 quod
778 276 846 297 non
868 264 1016 298 omnium
1038 262 1117 298 sad·
1139 265 1237 309 plena
1258 264 1372 299 notitia
1394 266 1491 299 nobis
1513 269 1657 313 contigit.
1699 269 1830 304 Editio-

77 331 138 352 nes
161 319 293 363 quidem
313 318 387 351 illas
409 318 480 362 ipse
501 330 603 352 manu
624 318 767 352 tractavi
788 326 841 361 et,
865 330 966 362 quum
987 316 1222 353 Wellauerum
1243 319 1280 352 in
1303 320 1496 354 lectionibus
1518 333 1634 356 earum
1655 324 1829 359 afferendis

77 376 166 410 iusto
187 374 459 419 negligentiorem
481 375 582 408 fuisse
604 375 799 417 sensissem,
823 375 930 408 denuo
953 387 1016 419 qua
1037 387 1100 420 par
1121 382 1170 410 eat
1190 376 1359 420 diligentia
1380 376 1519 419 contuli3
1541 377 1598 421 qui
1618 390 1701 421 quae
1721 378 1831 424 p.VI·

78 432 120 465 de
147 430 317 466 Schuetzii
345 431 411 464 fide
440 431 607 474 queritur,
638 442 676 463 ea
703 430 774 463 fere
798 431 835 463 in
862 431 971 474 ipsum
998 432 1135 473 cadunt,
1165 431 1212 468 ita
1240 439 1296 474 ut,
1329 432 1415 475 quod
1437 432 1512 466 illas
1534 433 1776 467 accuratissime
1794 445 1831 467 se

79 487 258 519 contulisse
279 497 459 529 earumque
480 485 655 518 varietates
678 496 791 519 omnes
814 484 1064 526 diligentissime
1085 487 1261 521 adnotasse
1281 488 1471 531 profitetur,
1503 488 1649 533 profecto
1670 500 1739 521 non
1759 488 1831 521 sine

78 552 167 574 vana
194 540 370 574 iactatione
398 547 431 573 et
459 548 573 573 contra
603 541 777 574 veritatem
808 540 930 573 dictum
957 554 1027 575 esse
1053 549 1217 587 appareat.
1268 541 1359 576 Nam
1390 543 1494 575 multa
1522 554 1621 586 eaque
1648 549 1831 576 memoratu

79 595 273 639 dignissima
295 608 432 640 prorsus
455 597 689 640 praetermisit,
712 598 889 638 nonnulla,
920 608 1061 640 quorum
1081 609 1123 629 ne
1144 595 1320 640 vestigium
1341 596 1473 641 quidem
1500 597 1584 631 inest
1609 596 1646 629 iu
1666 595 1734 629 illis
1762 596 1832 629 edi-

79 650 243 693 tionibus,
265 651 306 684 iis
330 651 465 693 tribuit,
488 651 633 695 plurima
652 651 773 685 vitiose
790 651 957 693 enotavit,
981 651 1173 695 saepissime
1194 651 1232 684 in
1253 658 1446 685 accentuum
1466 652 1629 685 notatione
1655 650 1831 694 deliquit-⁸)

80 704 235 748 Quarum
256 718 369 738 rerum
392 718 508 738 caussa
530 707 567 739 in
590 719 627 739 eo
649 707 756 751 posita
784 714 851 747 est,
886 697 1209 749 quotf'Wellauerus
1240 718 1337 751 saepe
1369 718 1437 739 non
1466 705 1556 750 ipsos
1582 706 1656 739 illos
1684 704 1832 738 lectionis

80 762 189 797 fontes
211 761 381 806 inspexit,
415 762 474 794 sed
495 762 678 806 permultas
708 760 838 793 Butleri
869 761 1094 795 adnotationes
1122 774 1197 795 cum
1224 761 1305 806 ipsis
1337 768 1394 794 aut
1422 760 1554 794 editoris
1581 760 1749 796 erroribus
1776 767 1833 794 aut

80 816 333 862 typothetarum
354 813 546 861 sphalmatis?
566 811 802 860 unns-cripsit.
842 809 940 858 Quae
962 812 1063 860 quum
1079 817 1128 851 ita
1148 818 1226 859 sint,
1247 813 1309 849 ubi
1327 816 1462 855 moade
1482 815 1523 849 iis
1544 816 1639 850 libris
1659 814 1833 861 disputatio

79 871 260 915 scripturae
282 871 439 905 varietati
462 883 481 904 a
503 870 699 904 Wellauero
728 871 902 904 adnotatae
930 883 1115 917 repugnare
1142 874 1292 915 videtur,
1324 885 1367 907 ne
1398 873 1470 917 quis
1498 885 1552 906 me
1573 874 1694 907 erroris
1717 878 1832 915 arguat

79 934 137 959 aut
157 928 299 960 finxisse
322 928 482 971 quaedam
503 926 545 959 ad
566 938 676 959 meam
699 938 852 960 caussam
872 927 1034 972 tuendam·
1047 928 1231 970 existimet,
1250 929 1312 976 sed
1330 928 1439 973 potius
1461 936 1517 970 ut,
1539 940 1581 961 ne
1601 928 1679 972 ipsis
1702 926 1760 961 illa
1774 926 1832 960 ad-

79 983 204 1016 notatio
226 984 379 1016 fraudem
400 982 519 1024 faciat,
541 990 699 1024 caveant,
724 994 781 1015 eos
804 982 860 1026 qui
881 983 969 1015 hanc
990 972 1294 1017 commentationem
1314 984 1444 1027 legent,
1467 995 1526 1016 oro
1548 991 1644 1027 atque
1665 994 1759 1026 rogo.

187 1051 339 1095 Iniquior
360 1060 408 1085 est
429 1059 541 1084 nostra
563 1051 600 1083 in
622 1051 770 1084 codicum
791 1051 901 1088 indole
923 1052 1129 1097 exploranda
1151 1058 1248 1095 atque
1269 1051 1442 1084 iudicanda
1464 1050 1618 1088 conditio,
1660 1049 1749 1084 Nam
1759 1049 1833 1083 Med

79 1107 162 1142 dicei
183 1107 263 1139 libri
285 1119 474 1150 quanquam
496 1107 577 1139 duas
601 1108 790 1140 collationes
813 1108 991 1148 habemus,
1026 1107 1164 1139 alteram
1194 1118 1213 1138 a
1236 1105 1388 1139 Salvinio
1410 1106 1550 1145 factam,
1581 1116 1645 1148 qua
1667 1104 1832 1147 Butlerus,

79 1160 327 1208 Blomfieldius,
351 1161 568 1195 Wellauerus
597 1161 719 1206 aliique
740 1163 794 1195 usi
816 1170 912 1204 sunt,
945 1164 1083 1195 alteram
1105 1174 1125 1195 a
1153 1161 1265 1195 nescio
1288 1174 1353 1205 quo
1375 1161 1417 1194 ad
1442 1161 1697 1194 Schuetzianum
1718 1172 1832 1193 exem·-

79 1217 156 1262 plat
177 1229 208 1250 a.
211 1215 318 1253 1808
339 1217 462 1251 editum
484 1217 670 1252 institutam
698 1226 729 1250 et
751 1217 884 1251 editioni
908 1217 1134 1261 Weigelianae
1164 1216 1269 1258 (Bibl.
1292 1217 1386 1265 class.
1410 1216 1501 1261 Lips.
1533 1217 1634 1258 1827)
1664 1215 1832 1258 adiectam,

79 1271 180 1323 quam
201 1264 350 1304 nondum
372 1273 543 1316 quisquam
565 1272 607 1305 ad
628 1273 713 1305 hanc
732 1273 880 1306 fabulam
902 1272 1141 1306 emendandam
1163 1271 1322 1313 adhibuit,
1345 1278 1454 1304 tamen
1472 1283 1572 1315 quum
1595 1279 1625 1304 et
1638 1282 1732 1315 saepe
1746 1271 1833 1304 inter

80 1337 118 1359 se
143 1326 351 1371 'discrepent
364 1335 395 1360 et
423 1335 539 1360 neutra
571 1339 611 1360 ea
639 1340 703 1370 qua
732 1340 794 1372 par
815 1336 863 1361 est
886 1340 964 1361 cura
984 1339 1021 1361 ac
1043 1326 1211 1369 diligentia
1234 1326 1380 1360 confecta
1400 1326 1571 1367 videatur,
1600 1326 1721 1369 aliquot
1741 1325 1832 1368 locis,

79 1381 158 1425 quid
179 1381 215 1414 in
237 1381 296 1414 illo
319 1381 407 1415 libro
429 1390 561 1415 exstare
584 1383 771 1424 credamus,
794 1382 886 1416 dubii
909 1381 1118 1425 ambiguique
1140 1381 1323 1414 haeremus.
1357 1380 1466 1425 Quem
1488 1394 1588 1425 quum
1605 1380 1657 1413 bis
1681 1381 1833 1414 collatum

79 1436 277 1478 habeamus,
299 1448 339 1469 eo
361 1437 426 1469 iam
448 1437 620 1470 commodo
642 1438 782 1479 utimur,
811 1445 849 1470 ut
878 1448 924 1470 ex
945 1437 1048 1470 altera
1071 1437 1243 1470 collatione
1274 1437 1469 1470 de'alterius
1491 1437 1556 1470 fide
1576 1436 1719 1469 indicare
1740 1436 1833 1471 liceat

80 1488 296 1535 neutramque
317 1492 505 1525 satisfacere
535 1491 631 1525 iustis
659 1492 933 1536 postulationibus
962 1492 1200 1537 intelligamus.
1252 1492 1369 1536 Longe
1399 1500 1509 1526 autem
1536 1491 1721 1535 diligentius
1747 1492 1831 1526 sacta

116 1653 142 1681 ι)
163 1654 254 1676 Ouinia
270 1642 324 1677 eius
341 1655 509 1685 negligentiae
526 1655 643 1684 exempla
660 1655 751 1678 afferre
768 1662 843 1684 quum
860 1657 902 1678 Ιοιι
889 1662 964 1686 ngun
982 1655 1030 1684 m,
1056 1662 1131 1678 unum
1147 1655 1275 1684 tractabo,
1294 1662 1323 1678 ex
1341 1662 1391 1684 quo
1409 1659 1526 1684 quantum
1544 1654 1589 1675 illa
1604 1653 1694 1676 levitas
1710 1646 1831 1684 Aeschylo

168 1690 282 1712 nocuerit
299 1690 411 1721 intelligi
427 1694 518 1719 potest.
553 1690 641 1719 Suppl.
665 1698 690 1714 v,
704 1693 792 1713 908—
804 1694 877 1713 1000.
900 1691 935 1713 sic
953 1691 1048 1713 edidit·

619 1730 668 1756 και
686 1732 727 1759 οἷς
740 1730 823 1767 χεῦμ’
838 1729 988 1768 Ἐρασίνου
1005 1731 1174 1767 menradum
1189 1729 1316 1761 παλαιόν,

170 1775 237 1804 quod
249 1783 279 1797 ex
290 1776 321 1798 A.
332 1776 415 1805 recepi
408 1783 457 1797 isse
469 1782 495 1797 se
507 1775 532 1796 di
525 1782 555 1797 m:
548 1775 577 1797 i.t
603 1776 712 1806 Vulgata
728 1784 767 1798 scr
755 1777 864 1805 ri,ptura
882 1776 907 1798 in
927 1783 976 1804 qun
988 1776 1047 1798 reli«
1040 1775 1083 1803 qiu
1075 1776 1144 1796 ilibr
1132 1775 1153 1797 ri
1168 1783 1251 1797 omnes
1266 1775 1437 1804 consentiunt,
1454 1774 1514 1795 haec
1532 1776 1580 1795 eat:
1599 1768 1663 1795 οῗ-
1671 1768 1831 1813 metlsskn.

170 1810 202 1832 Et
228 1808 254 1833 ul
275 1811 375 1838 quiden
393 1814 429 1833 est
445 1810 521 1832 etiam
539 1810 565 1832 in
583 1810 627 1838 A.,
645 1811 710 1832 unde
727 1815 795 1839 patet
813 1811 885 1833 nihili
905 1817 958 1832 ene
974 1808 1173 1845 neptunium·
1165 1810 1231 1832 istud
1254 1814 1279 1832 et
1295 1816 1389 1831 uerum
1411 1809 1456 1831 viti
1450 1816 1512 1836 ιιιιιι,
1534 1815 1573 1829 eui
1566 1807 1603 1828 ἰιιι
1625 1807 1723 1837 generis
1743 1807 1831 1838 ingen

171 1845 242 1866 multi
245 1845 304 1866 tudo
321 1845 391 1866 illam
409 1845 543 1867 editionem
561 1825 654 1867 soed’at.
691 1845 728 1873 Ωιι
731 1846 755 1867 id
773 1850 848 1874 poeta
864 1846 912 1867 scri
915 1852 980 1874 pter»
959 1846 1006 1873 rit,
1024 1845 1091 1867 haud
1109 1844 1231 1866 difficile
1224 1848 1271 1867 est
1284 1845 1316 1866 ad
1332 1844 1520 1871 inveniendum,
1553 1842 1573 1863 si
1592 1844 1616 1863 et
1633 1841 1693 1869 quid
1710 1842 1832 1865 autenti·

171 1879 283 1908 postulet
298 1884 322 1901 et
342 1887 384 1907 ιιιιι
377 1879 403 1901 id
421 1884 524 1901 metrum
541 1879 607 1900 fen-nt
623 1886 689 1900 consi
684 1879 737 1900 'der
725 1887 792 1901 rainu
795 1887 815 1903 s.
850 1881 900 1902 Her
902 1885 955 1901 man
942 1880 982 1901 nni
1000 1887 1042 1907 ιιιιι
1035 1879 1099 1900 idem
1116 1879 1253 1900 emendatio
1276 1877 1464 1912 περιναῦονῐαι
1484 1881 1525 1899 tn„
1528 1880 1579 1898 tum
1603 1876 1672 1896 2¹³0·ss
1692 1878 1721 1896 ΙΙΙ
1740 1873 1832 1917 propt-

171 1913 235 1943 bilis.
248 1913 375 1942 videatur,
399 1918 427 1935 ut
443 1921 474 1944 gr
475 1920 554 1943 aecae.
564 1913 667 1943 linguae
687 1915 829 1936 consuetudi
823 1915 857 1935 mi
880 1920 1006 1944 repugnar
993 1921 1020 1935 re
1038 1913 1158 1953 censenda
1175 1913 1222 1941 sit,
1245 1914 1361 1941 quonian
1384 1912 1471 1935 Graeci
1493 1912 1550 1934 habi
1553 1915 1606 1932 tare
1626 1915 1722 1938 semper
1743 1909 1833 1938 'W

173 1948 274 1975 dieunt,
303 1955 384 1976 nunqu
371 1955 426 1969 uam
456 1946 595 1971 ναιεσθαι.
640 1948 693 1969 Scri
673 1955 752 1976 ripser
740 1952 779 1970 rat
808 1949 944 1976 Aeschylus
973 1946 1003 1971 ol
1023 1944 1105 1980 χεῦμ’
1129 1944 1136 1954 ’
1200 1946 1279 1971 σίνον
1307 1946 1496 1982 περιναίουσιν
1522 1940 1652 1969 παλαιόν.
1680 1943 1833 1978 mentm

121 1991 123 1995 ⁴
170 1982 271 2004 librarii
289 1982 413 2004 enain-du-
430 1983 511 2004 errori
529 1983 648 2009 debetur,
675 1983 714 2003 cui
736 1980 775 2005 tn
799 1983 866 2010 quud
889 1983 1014 2004 antecedit
1036 1982 1150 2004 fraudem
1179 1982 1240 2010 eci‚t
1263 1982 1299 2003 ita
1320 1986 1348 2003 ut
1367 1981 1410 2003 hic
1432 1987 1531 2009 quoque
1553 1986 1592 2001 sec
1595 1978 1682 1999 undam
1701 1982 1832 2007 persone-

174 2015 312 2038 desiderari
330 2016 380 2037 exis
382 2017 400 2037 ιι
393 2024 454 2038 :rma
455 2021 488 2039 et.
520 2018 554 2038 Mi
557 2017 610 2038 rabi
613 2017 631 2038 li
624 2023 645 2038 ιι
663 2023 722 2038 sane
740 2024 825 2044 error,
849 2024 894 2038 nee
909 2021 990 2038 tamen
1003 2016 1097 2038 iincred
1100 2017 1123 2037 bi
1125 2017 1167 2038 lis.
1198 2016 1270 2038 Ceter
1257 2023 1311 2038 rum
1322 2023 1352 2037 ne
1366 2016 1405 2037 ser
1406 2016 1428 2037 ri
1446 2015 1543 2043 quidem
1553 2015 1636 2041 posset
1647 2012 1695 2033 illu
1710 2012 1833 2045 scriptu·

171 2050 312 2072 well-uer·
305 2057 345 2071 iria
348 2057 374 2078 a,
394 2052 486 2073 cita-nsi
505 2052 561 2073 meli
555 2058 592 2073 ius
610 2054 674 2073 esset
700 2052 731 2072 ab
754 2051 876 2072 librorum
898 2054 983 2072 auctor
984 2051 1045 2073 itate
1067 2051 1168 2073 munita.
1203 2050 1265 2072 Nam
1290 2057 1414 2078 nunquam
1437 2049 1572 2076 Aeschylus
1593 2046 1637 2068 hu
1659 2041 1832 2070 mmm-tici

173 2092 259 2108 verm
277 2085 385 2111 fornas.
404 2092 421 2107 υ
437 2095 453 2107 ν
465 2079 499 2104 -’-
514 2094 530 2108 υ
546 2079 581 2104 -’-
592 2093 607 2108 υ
625 2078 660 2104 -’-
674 2099 701 2103 -
718 2089 744 2107 et
760 2092 776 2107 υ
795 2091 811 2107 υ
827 2077 905 2103 A*
921 2078 956 2103 -'-
968 2092 984 2107 υ
1000 2079 1036 2104 —'-
1050 2097 1083 2102 —
1100 2085 1277 2114 respondentes
1292 2085 1357 2108 inter
1372 2092 1398 2107 se
1415 2084 1484 2108 feeit.
1520 2083 1575 2105 Non
1593 2082 1675 2104 obstat
1690 2081 1756 2111 Sept.
1771 2083 1833 2114 7⁰⁸9

174 2124 200 2143 ot
218 2122 289 2148 712,
308 2127 383 2149 quum
405 2124 448 2142 aut
464 2120 489 2141 in
506 2128 580 2143 vernn
597 2125 649 2142 anti
643 2120 743 2143 'thetica
765 2116 907 2155 ὠμόφρων
924 2121 1029 2142 mediam
1051 2121 1173 2149 syllabam
1194 2120 1339 2148 productam
1347 2114 1451 2141 habeut
1469 2122 1510 2140 aut
1531 2113 1660 2140 εὖκῐαίαν
1682 2122 1712 2140 αι
1735 2120 1791 2140 ut·
1813 2122 1833 2141 Β

172 2155 305 2184 confisi-t,
326 2154 394 2185 njuod
412 2154 486 2178 etiani
502 2155 528 2177 in
550 2153 667 2180 Ισιιιιὸον·
673 2155 762 2185 suppl.
778 2156 835 2179 3ου.
853 2154 940 2177 endere
958 2155 1066 2179 videtur.
1101 2154 1141 2177 Gt.
1159 2154 1245 2184 unger
1261 2155 1292 2177 de
1310 2153 1398 2177 Aesclu
1417 2157 1468 2177 ant.
1485 2159 1551 2181 resp.
1570 2158 1598 2180 p.
1618 2152 1658 2175 ll.
1676 2152 1719 2175 12.
