<?xml version="1.0" encoding="UTF-8"?>
<!DOCTYPE html PUBLIC "-//W3C//DTD XHTML 1.0 Transitional//EN"
    "http://www.w3.org/TR/xhtml1/DTD/xhtml1-transitional.dtd">
<html xmlns="http://www.w3.org/1999/xhtml" xml:lang="en" lang="en">
 <head>
  <title>
</title>
<meta http-equiv="Content-Type" content="text/html;charset=utf-8" />
  <meta name='ocr-system' content='tesseract 3.04.00' />
  <meta name='ocr-capabilities' content='ocr_page ocr_carea ocr_par ocr_line ocrx_word'/>
</head>
<body>
  <div class='ocr_page' id='page_1' title='image "4773794_0042.png"; bbox 0 0 1892 2442; ppageno 0'>
   <div class='ocr_carea' id='block_1_1' title="bbox 684 290 1201 353">
    <p class='ocr_par' dir='ltr' id='par_1_1' title="bbox 684 290 1201 353">
     <span class='ocr_line' id='line_1_1' title="bbox 684 290 1201 353; baseline 0.002 -11"><span class='ocrx_word' id='word_1_1' title='bbox 684 290 1024 353; x_wconf 73' lang='lat' dir='ltr'>,caput</span> <span class='ocrx_word' id='word_1_2' title='bbox 1086 292 1201 343; x_wconf 87' lang='grc' dir='ltr'>ΙΙ.</span> 
     </span>
    </p>
   </div>
   <div class='ocr_carea' id='block_1_2' title="bbox 66 371 1807 438">
    <p class='ocr_par' dir='ltr' id='par_1_2' title="bbox 66 371 1807 438">
     <span class='ocr_line' id='line_1_2' title="bbox 66 371 1807 438; baseline -0.001 -25"><span class='ocrx_word' id='word_1_3' title='bbox 66 371 428 438; x_wconf 68' lang='lat' dir='ltr'>De‘librorum,</span> <span class='ocrx_word' id='word_1_4' title='bbox 456 371 638 422; x_wconf 73' lang='lat' dir='ltr'>quibus</span> <span class='ocrx_word' id='word_1_5' title='bbox 664 375 898 426; x_wconf 71' lang='lat' dir='ltr'>Aeschyli</span> <span class='ocrx_word' id='word_1_6' title='bbox 924 375 1187 425; x_wconf 85' lang='lat' dir='ltr'><strong>Supplices</strong></span> <span class='ocrx_word' id='word_1_7' title='bbox 1215 374 1554 422; x_wconf 78' lang='lat' dir='ltr'>continentur,</span> <span class='ocrx_word' id='word_1_8' title='bbox 1581 375 1807 413; x_wconf 83' lang='lat' dir='ltr'>familiis.</span> 
     </span>
    </p>
   </div>
   <div class='ocr_carea' id='block_1_3' title="bbox 12 527 1812 2052">
    <p class='ocr_par' dir='ltr' id='par_1_3' title="bbox 12 527 1812 1507">
     <span class='ocr_line' id='line_1_3' title="bbox 150 527 1807 573; baseline -0.001 -10"><span class='ocrx_word' id='word_1_9' title='bbox 150 528 348 563; x_wconf 75' lang='lat' dir='ltr'>Accedimus</span> <span class='ocrx_word' id='word_1_10' title='bbox 370 527 438 562; x_wconf 86' lang='lat' dir='ltr'>iam</span> <span class='ocrx_word' id='word_1_11' title='bbox 458 527 499 561; x_wconf 87' lang='lat' dir='ltr'>ad</span> <span class='ocrx_word' id='word_1_12' title='bbox 521 528 742 572; x_wconf 68' lang='lat' dir='ltr'><strong>antiquiorum</strong></span> <span class='ocrx_word' id='word_1_13' title='bbox 763 527 923 561; x_wconf 83' lang='lat' dir='ltr'>librorum</span> <span class='ocrx_word' id='word_1_14' title='bbox 945 528 1089 561; x_wconf 80' lang='lat' dir='ltr'><strong>indolem</strong></span> <span class='ocrx_word' id='word_1_15' title='bbox 1110 528 1370 573; x_wconf 81' lang='lat' dir='ltr'>explorandam3</span> <span class='ocrx_word' id='word_1_16' title='bbox 1401 528 1440 560; x_wconf 90' lang='lat' dir='ltr'>de</span> <span class='ocrx_word' id='word_1_17' title='bbox 1467 539 1529 571; x_wconf 92' lang='lat' dir='ltr'>qua</span> <span class='ocrx_word' id='word_1_18' title='bbox 1561 540 1601 561; x_wconf 88' lang='lat' dir='ltr'>re</span> <span class='ocrx_word' id='word_1_19' title='bbox 1629 535 1667 561; x_wconf 89' lang='lat' dir='ltr'>ut</span> <span class='ocrx_word' id='word_1_20' title='bbox 1688 529 1807 561; x_wconf 83' lang='lat' dir='ltr'>rectius</span> 
     </span>
     <span class='ocr_line' id='line_1_4' title="bbox 64 584 1806 629; baseline -0.002 -9"><span class='ocrx_word' id='word_1_21' title='bbox 64 585 257 629; x_wconf 70' lang='lat' dir='ltr'>faciliusque</span> <span class='ocrx_word' id='word_1_22' title='bbox 276 585 454 626; x_wconf 85' lang='lat' dir='ltr'>iudicetur,</span> <span class='ocrx_word' id='word_1_23' title='bbox 476 592 550 618; x_wconf 82' lang='lat' dir='ltr'>ante</span> <span class='ocrx_word' id='word_1_24' title='bbox 572 584 682 617; x_wconf 89' lang='lat' dir='ltr'>omnia</span> <span class='ocrx_word' id='word_1_25' title='bbox 703 584 737 617; x_wconf 90' lang='lat' dir='ltr'>id</span> <span class='ocrx_word' id='word_1_26' title='bbox 760 584 922 627; x_wconf 82' lang='lat' dir='ltr'>agendum</span> <span class='ocrx_word' id='word_1_27' title='bbox 943 591 1009 625; x_wconf 86' lang='lat' dir='ltr'>est,</span> <span class='ocrx_word' id='word_1_28' title='bbox 1038 591 1073 616; x_wconf 89' lang='lat' dir='ltr'>ut</span> <span class='ocrx_word' id='word_1_29' title='bbox 1095 584 1313 628; x_wconf 74' lang='lat' dir='ltr'>pervestigata</span> <span class='ocrx_word' id='word_1_30' title='bbox 1343 584 1563 617; x_wconf 82' lang='lat' dir='ltr'>similitudinis</span> <span class='ocrx_word' id='word_1_31' title='bbox 1594 593 1690 628; x_wconf 88' lang='lat' dir='ltr'>atque</span> <span class='ocrx_word' id='word_1_32' title='bbox 1712 585 1806 617; x_wconf 81' lang='lat' dir='ltr'>diffe-</span> 
     </span>
     <span class='ocr_line' id='line_1_5' title="bbox 63 638 1805 682; baseline -0.001 -9"><span class='ocrx_word' id='word_1_33' title='bbox 63 638 187 674; x_wconf 69' lang='lat' dir='ltr'>rentiae</span> <span class='ocrx_word' id='word_1_34' title='bbox 208 640 335 672; x_wconf 82' lang='lat' dir='ltr'>ratione</span> <span class='ocrx_word' id='word_1_35' title='bbox 356 639 500 672; x_wconf 84' lang='lat' dir='ltr'>familiae</span> <span class='ocrx_word' id='word_1_36' title='bbox 522 640 679 682; x_wconf 77' lang='lat' dir='ltr'>quaedam</span> <span class='ocrx_word' id='word_1_37' title='bbox 702 641 950 672; x_wconf 77' lang='lat' dir='ltr'>constituantur.</span> <span class='ocrx_word' id='word_1_38' title='bbox 984 638 1076 671; x_wconf 83' lang='lat' dir='ltr'>Idem</span> <span class='ocrx_word' id='word_1_39' title='bbox 1094 647 1323 681; x_wconf 84' lang='lat' dir='ltr'>argumentum</span> <span class='ocrx_word' id='word_1_40' title='bbox 1341 639 1486 672; x_wconf 86' lang='lat' dir='ltr'>breviter</span> <span class='ocrx_word' id='word_1_41' title='bbox 1501 640 1655 673; x_wconf 86' lang='lat' dir='ltr'>tractavit</span> <span class='ocrx_word' id='word_1_42' title='bbox 1670 640 1805 672; x_wconf 76' lang='lat' dir='ltr'>Abi-en-</span> 
     </span>
     <span class='ocr_line' id='line_1_6' title="bbox 65 692 1805 740; baseline -0.001 -11"><span class='ocrx_word' id='word_1_43' title='bbox 65 696 138 730; x_wconf 72' lang='lat' dir='ltr'>rins</span> <span class='ocrx_word' id='word_1_44' title='bbox 156 696 227 738; x_wconf 86' lang='lat' dir='ltr'>„de</span> <span class='ocrx_word' id='word_1_45' title='bbox 249 692 376 729; x_wconf 79' lang='lat' dir='ltr'>caussis</span> <span class='ocrx_word' id='word_1_46' title='bbox 396 696 591 740; x_wconf 85' lang='lat' dir='ltr'>quibusdam</span> <span class='ocrx_word' id='word_1_47' title='bbox 612 696 774 740; x_wconf 82' lang='lat' dir='ltr'>Aeschyli</span> <span class='ocrx_word' id='word_1_48' title='bbox 795 695 941 729; x_wconf 89' lang='lat' dir='ltr'>nondum</span> <span class='ocrx_word' id='word_1_49' title='bbox 968 694 1044 726; x_wconf 81' lang='lat' dir='ltr'>satis</span> <span class='ocrx_word' id='word_1_50' title='bbox 1071 694 1256 726; x_wconf 83' lang='lat' dir='ltr'>emendati“</span> <span class='ocrx_word' id='word_1_51' title='bbox 1288 695 1400 738; x_wconf 86' lang='lat' dir='ltr'>p.3-</span> <span class='ocrx_word' id='word_1_52' title='bbox 1414 695 1463 732; x_wconf 90' lang='grc'>6.,</span> <span class='ocrx_word' id='word_1_53' title='bbox 1492 694 1582 727; x_wconf 87' lang='lat' dir='ltr'>cuius</span> <span class='ocrx_word' id='word_1_54' title='bbox 1611 695 1805 728; x_wconf 84' lang='lat' dir='ltr'>sententiam</span> 
     </span>
     <span class='ocr_line' id='line_1_7' title="bbox 61 747 1805 793; baseline -0.002 -8"><span class='ocrx_word' id='word_1_55' title='bbox 61 751 159 785; x_wconf 75' lang='lat' dir='ltr'>hodie</span> <span class='ocrx_word' id='word_1_56' title='bbox 182 762 203 784; x_wconf 79' lang='lat' dir='ltr'>a</span> <span class='ocrx_word' id='word_1_57' title='bbox 225 751 308 783; x_wconf 79' lang='lat' dir='ltr'>viris</span> <span class='ocrx_word' id='word_1_58' title='bbox 330 751 432 783; x_wconf 89' lang='lat' dir='ltr'>doctis</span> <span class='ocrx_word' id='word_1_59' title='bbox 457 752 561 793; x_wconf 86' lang='lat' dir='ltr'>(velut</span> <span class='ocrx_word' id='word_1_60' title='bbox 584 763 602 783; x_wconf 89' lang='lat' dir='ltr'>a</span> <span class='ocrx_word' id='word_1_61' title='bbox 626 750 850 793; x_wconf 79' lang='lat' dir='ltr'>Bambergero</span> <span class='ocrx_word' id='word_1_62' title='bbox 872 750 908 782; x_wconf 93' lang='lat' dir='ltr'>in</span> <span class='ocrx_word' id='word_1_63' title='bbox 929 747 1046 781; x_wconf 79' lang='lat' dir='ltr'>Praef.</span> <span class='ocrx_word' id='word_1_64' title='bbox 1069 749 1109 780; x_wconf 92' lang='lat' dir='ltr'>ad</span> <span class='ocrx_word' id='word_1_65' title='bbox 1133 748 1279 792; x_wconf 83' lang='lat' dir='ltr'>Choeph.</span> <span class='ocrx_word' id='word_1_66' title='bbox 1304 761 1337 792; x_wconf 84' lang='lat' dir='ltr'>p.</span> <span class='ocrx_word' id='word_1_67' title='bbox 1349 748 1428 791; x_wconf 84' lang='lat' dir='ltr'>Vl.)</span> <span class='ocrx_word' id='word_1_68' title='bbox 1452 750 1520 782; x_wconf 85' lang='lat' dir='ltr'>fere</span> <span class='ocrx_word' id='word_1_69' title='bbox 1542 750 1674 793; x_wconf 84' lang='lat' dir='ltr'>probari</span> <span class='ocrx_word' id='word_1_70' title='bbox 1697 749 1805 790; x_wconf 84' lang='lat' dir='ltr'>video,</span> 
     </span>
     <span class='ocr_line' id='line_1_8' title="bbox 62 802 1806 849; baseline 0 -12"><span class='ocrx_word' id='word_1_71' title='bbox 62 810 248 848; x_wconf 64' lang='lat' dir='ltr'>quanquam</span> <span class='ocrx_word' id='word_1_72' title='bbox 282 816 351 837; x_wconf 89' lang='lat' dir='ltr'>non</span> <span class='ocrx_word' id='word_1_73' title='bbox 386 817 431 837; x_wconf 82' lang='lat' dir='ltr'>ex</span> <span class='ocrx_word' id='word_1_74' title='bbox 457 805 546 837; x_wconf 91' lang='lat' dir='ltr'>omni</span> <span class='ocrx_word' id='word_1_75' title='bbox 575 812 668 848; x_wconf 85' lang='lat' dir='ltr'>parte</span> <span class='ocrx_word' id='word_1_76' title='bbox 699 816 823 836; x_wconf 86' lang='lat' dir='ltr'>veram.</span> <span class='ocrx_word' id='word_1_77' title='bbox 873 802 950 845; x_wconf 77' lang='lat' dir='ltr'>Qui</span> <span class='ocrx_word' id='word_1_78' title='bbox 983 802 1068 843; x_wconf 87' lang='lat' dir='ltr'>quod</span> <span class='ocrx_word' id='word_1_79' title='bbox 1097 802 1240 834; x_wconf 78' lang='lat' dir='ltr'>codicem</span> <span class='ocrx_word' id='word_1_80' title='bbox 1268 803 1466 841; x_wconf 83' lang='lat' dir='ltr'>Mediceum,</span> <span class='ocrx_word' id='word_1_81' title='bbox 1497 805 1806 849; x_wconf 78' lang='lat' dir='ltr'>Guelferbytanum,</span> 
     </span>
     <span class='ocr_line' id='line_1_9' title="bbox 59 855 1805 902; baseline -0.002 -8"><span class='ocrx_word' id='word_1_82' title='bbox 59 860 346 894; x_wconf 61' lang='lat' dir='ltr'>Rosos-temanum</span> <span class='ocrx_word' id='word_1_83' title='bbox 369 860 471 901; x_wconf 84' lang='lat' dir='ltr'>(hunc</span> <span class='ocrx_word' id='word_1_84' title='bbox 492 859 624 902; x_wconf 86' lang='lat' dir='ltr'>quidem</span> <span class='ocrx_word' id='word_1_85' title='bbox 645 858 753 892; x_wconf 82' lang='lat' dir='ltr'>addita</span> <span class='ocrx_word' id='word_1_86' title='bbox 776 855 987 891; x_wconf 88' lang='lat' dir='ltr'>dubitationis</span> <span class='ocrx_word' id='word_1_87' title='bbox 1009 856 1058 889; x_wconf 84' lang='lat' dir='ltr'>si</span> <span class='ocrx_word' id='word_1_88' title='bbox 1037 855 1275 899; x_wconf 72' lang='lat' dir='ltr'>gnifioefione),</span> <span class='ocrx_word' id='word_1_89' title='bbox 1297 856 1438 900; x_wconf 82' lang='lat' dir='ltr'>Regium</span> <span class='ocrx_word' id='word_1_90' title='bbox 1452 857 1494 891; x_wconf 90' lang='lat' dir='ltr'>L.</span> <span class='ocrx_word' id='word_1_91' title='bbox 1517 870 1562 890; x_wconf 84' lang='lat' dir='ltr'>ex</span> <span class='ocrx_word' id='word_1_92' title='bbox 1584 858 1697 891; x_wconf 86' lang='lat' dir='ltr'>eodem</span> <span class='ocrx_word' id='word_1_93' title='bbox 1714 858 1805 891; x_wconf 84' lang='lat' dir='ltr'>sonte</span> 
     </span>
     <span class='ocr_line' id='line_1_10' title="bbox 61 912 1804 959; baseline -0.001 -11"><span class='ocrx_word' id='word_1_94' title='bbox 61 914 228 949; x_wconf 76' lang='lat' dir='ltr'>derivatos</span> <span class='ocrx_word' id='word_1_95' title='bbox 252 914 328 947; x_wconf 86' lang='lat' dir='ltr'>dicit</span> <span class='ocrx_word' id='word_1_96' title='bbox 349 926 380 959; x_wconf 86' lang='lat' dir='ltr'>p.</span> <span class='ocrx_word' id='word_1_97' title='bbox 392 915 446 956; x_wconf 83' lang='lat'>5.,</span> <span class='ocrx_word' id='word_1_98' title='bbox 467 914 500 946; x_wconf 92' lang='lat' dir='ltr'>id</span> <span class='ocrx_word' id='word_1_99' title='bbox 523 913 762 957; x_wconf 86' lang='lat' dir='ltr'>quodammodo</span> <span class='ocrx_word' id='word_1_100' title='bbox 784 920 816 946; x_wconf 85' lang='lat' dir='ltr'>et</span> <span class='ocrx_word' id='word_1_101' title='bbox 836 924 956 946; x_wconf 80' lang='lat' dir='ltr'>verum</span> <span class='ocrx_word' id='word_1_102' title='bbox 978 920 1025 945; x_wconf 85' lang='lat' dir='ltr'>est</span> <span class='ocrx_word' id='word_1_103' title='bbox 1045 920 1077 945; x_wconf 84' lang='lat' dir='ltr'>et</span> <span class='ocrx_word' id='word_1_104' title='bbox 1098 912 1239 953; x_wconf 64' lang='lat' dir='ltr'>falsum</span> <span class='ocrx_word' id='word_1_105' title='bbox 1261 924 1393 954; x_wconf 84' lang='lat' dir='ltr'>verum,</span> <span class='ocrx_word' id='word_1_106' title='bbox 1423 912 1453 945; x_wconf 83' lang='lat' dir='ltr'>si</span> <span class='ocrx_word' id='word_1_107' title='bbox 1475 913 1557 945; x_wconf 86' lang='lat' dir='ltr'>illud</span> <span class='ocrx_word' id='word_1_108' title='bbox 1577 913 1737 947; x_wconf 88' lang='lat' dir='ltr'>iudicium</span> <span class='ocrx_word' id='word_1_109' title='bbox 1758 915 1804 947; x_wconf 86' lang='lat' dir='ltr'>ita</span> 
     </span>
     <span class='ocr_line' id='line_1_11' title="bbox 59 967 1812 1015; baseline -0.001 -11"><span class='ocrx_word' id='word_1_110' title='bbox 59 971 332 1015; x_wconf 75' lang='lat' dir='ltr'>interpretamur,</span> <span class='ocrx_word' id='word_1_111' title='bbox 355 976 392 1002; x_wconf 84' lang='lat' dir='ltr'>ut</span> <span class='ocrx_word' id='word_1_112' title='bbox 413 968 553 1012; x_wconf 77' lang='lat' dir='ltr'>antiquis</span> <span class='ocrx_word' id='word_1_113' title='bbox 575 968 775 1013; x_wconf 83' lang='lat' dir='ltr'>temporibus</span> <span class='ocrx_word' id='word_1_114' title='bbox 798 979 843 1001; x_wconf 83' lang='lat' dir='ltr'>ex</span> <span class='ocrx_word' id='word_1_115' title='bbox 863 980 930 1001; x_wconf 88' lang='lat' dir='ltr'>uno</span> <span class='ocrx_word' id='word_1_116' title='bbox 952 967 1061 1002; x_wconf 88' lang='lat' dir='ltr'>codice</span> <span class='ocrx_word' id='word_1_117' title='bbox 1082 967 1179 1001; x_wconf 85' lang='lat' dir='ltr'>varia</span> <span class='ocrx_word' id='word_1_118' title='bbox 1201 969 1388 1012; x_wconf 82' lang='lat' dir='ltr'>apographa</span> <span class='ocrx_word' id='word_1_119' title='bbox 1411 968 1499 1001; x_wconf 84' lang='lat' dir='ltr'>facta</span> <span class='ocrx_word' id='word_1_120' title='bbox 1520 980 1566 1002; x_wconf 84' lang='lat' dir='ltr'>ex</span> <span class='ocrx_word' id='word_1_121' title='bbox 1586 970 1689 1012; x_wconf 85' lang='lat' dir='ltr'>iisqne</span> <span class='ocrx_word' id='word_1_122' title='bbox 1711 970 1812 1003; x_wconf 56' lang='lat' dir='ltr'>dein-⁴⁴</span> 
     </span>
     <span class='ocr_line' id='line_1_12' title="bbox 59 1020 1802 1068; baseline 0.002 -11"><span class='ocrx_word' id='word_1_123' title='bbox 59 1036 135 1068; x_wconf 77' lang='lat' dir='ltr'>ceps</span> <span class='ocrx_word' id='word_1_124' title='bbox 156 1030 286 1057; x_wconf 71' lang='lat' dir='ltr'>nostros</span> <span class='ocrx_word' id='word_1_125' title='bbox 307 1024 409 1056; x_wconf 87' lang='lat' dir='ltr'>libros</span> <span class='ocrx_word' id='word_1_126' title='bbox 432 1023 544 1056; x_wconf 87' lang='lat' dir='ltr'>ductos</span> <span class='ocrx_word' id='word_1_127' title='bbox 566 1035 637 1056; x_wconf 85' lang='lat' dir='ltr'>esse</span> <span class='ocrx_word' id='word_1_128' title='bbox 659 1020 858 1063; x_wconf 53' lang='lat' dir='ltr'>statuamus}</span> <span class='ocrx_word' id='word_1_129' title='bbox 880 1023 1013 1064; x_wconf 79' lang='lat' dir='ltr'>falsum,</span> <span class='ocrx_word' id='word_1_130' title='bbox 1036 1023 1064 1055; x_wconf 92' lang='lat' dir='ltr'>si</span> <span class='ocrx_word' id='word_1_131' title='bbox 1081 1023 1142 1055; x_wconf 86' lang='lat' dir='ltr'>hos</span> <span class='ocrx_word' id='word_1_132' title='bbox 1163 1022 1253 1066; x_wconf 88' lang='lat' dir='ltr'>ipsos</span> <span class='ocrx_word' id='word_1_133' title='bbox 1273 1035 1318 1056; x_wconf 86' lang='lat' dir='ltr'>ex</span> <span class='ocrx_word' id='word_1_134' title='bbox 1333 1035 1399 1056; x_wconf 86' lang='lat' dir='ltr'>uno</span> <span class='ocrx_word' id='word_1_135' title='bbox 1416 1025 1592 1068; x_wconf 86' lang='lat' dir='ltr'>eodemque</span> <span class='ocrx_word' id='word_1_136' title='bbox 1608 1026 1692 1059; x_wconf 86' lang='lat' dir='ltr'>libro</span> <span class='ocrx_word' id='word_1_137' title='bbox 1710 1028 1802 1060; x_wconf 87' lang='lat' dir='ltr'>nullo</span> 
     </span>
     <span class='ocr_line' id='line_1_13' title="bbox 59 1077 1802 1125; baseline 0.001 -12"><span class='ocrx_word' id='word_1_138' title='bbox 59 1079 200 1113; x_wconf 81' lang='lat' dir='ltr'>aliorum</span> <span class='ocrx_word' id='word_1_139' title='bbox 230 1078 497 1123; x_wconf 79' lang='lat' dir='ltr'>apographorum</span> <span class='ocrx_word' id='word_1_140' title='bbox 524 1078 695 1112; x_wconf 83' lang='lat' dir='ltr'>interiectu</span> <span class='ocrx_word' id='word_1_141' title='bbox 729 1077 957 1123; x_wconf 86' lang='lat' dir='ltr'>transscriptos</span> <span class='ocrx_word' id='word_1_142' title='bbox 984 1077 1224 1112; x_wconf 83' lang='lat' dir='ltr'>existimamus.</span> <span class='ocrx_word' id='word_1_143' title='bbox 1283 1077 1389 1119; x_wconf 82' lang='lat' dir='ltr'>Nam,</span> <span class='ocrx_word' id='word_1_144' title='bbox 1424 1086 1460 1111; x_wconf 89' lang='lat' dir='ltr'>ut</span> <span class='ocrx_word' id='word_1_145' title='bbox 1489 1080 1632 1122; x_wconf 78' lang='lat' dir='ltr'>imagine</span> <span class='ocrx_word' id='word_1_146' title='bbox 1659 1082 1802 1125; x_wconf 86' lang='lat' dir='ltr'>quadam</span> 
     </span>
     <span class='ocr_line' id='line_1_14' title="bbox 57 1134 1802 1178; baseline 0.001 -10"><span class='ocrx_word' id='word_1_147' title='bbox 57 1135 220 1168; x_wconf 81' lang='lat' dir='ltr'>librorum</span> <span class='ocrx_word' id='word_1_148' title='bbox 241 1142 395 1168; x_wconf 78' lang='lat' dir='ltr'>naturam</span> <span class='ocrx_word' id='word_1_149' title='bbox 413 1134 598 1177; x_wconf 75' lang='lat' dir='ltr'>designem,</span> <span class='ocrx_word' id='word_1_150' title='bbox 632 1146 745 1167; x_wconf 86' lang='lat' dir='ltr'>omnes</span> <span class='ocrx_word' id='word_1_151' title='bbox 767 1146 834 1168; x_wconf 89' lang='lat' dir='ltr'>non</span> <span class='ocrx_word' id='word_1_152' title='bbox 854 1147 916 1178; x_wconf 87' lang='lat' dir='ltr'>pro</span> <span class='ocrx_word' id='word_1_153' title='bbox 936 1135 1030 1175; x_wconf 88' lang='lat' dir='ltr'>filiis,</span> <span class='ocrx_word' id='word_1_154' title='bbox 1060 1134 1117 1167; x_wconf 84' lang='lat' dir='ltr'>sed</span> <span class='ocrx_word' id='word_1_155' title='bbox 1145 1145 1206 1177; x_wconf 87' lang='lat' dir='ltr'>pro</span> <span class='ocrx_word' id='word_1_156' title='bbox 1234 1134 1403 1177; x_wconf 80' lang='lat' dir='ltr'>nepotibus</span> <span class='ocrx_word' id='word_1_157' title='bbox 1434 1134 1530 1167; x_wconf 87' lang='lat' dir='ltr'>unius</span> <span class='ocrx_word' id='word_1_158' title='bbox 1558 1134 1638 1167; x_wconf 83' lang='lat' dir='ltr'>libri</span> <span class='ocrx_word' id='word_1_159' title='bbox 1659 1136 1802 1170; x_wconf 85' lang='lat' dir='ltr'>habendi</span> 
     </span>
     <span class='ocr_line' id='line_1_15' title="bbox 57 1188 1800 1234; baseline 0.001 -11"><span class='ocrx_word' id='word_1_160' title='bbox 57 1189 223 1228; x_wconf 63' lang='lat' dir='ltr'>videntur,</span> <span class='ocrx_word' id='word_1_161' title='bbox 266 1188 325 1221; x_wconf 83' lang='lat' dir='ltr'>Ex</span> <span class='ocrx_word' id='word_1_162' title='bbox 342 1188 507 1221; x_wconf 76' lang='lat' dir='ltr'>communi</span> <span class='ocrx_word' id='word_1_163' title='bbox 522 1196 632 1221; x_wconf 85' lang='lat' dir='ltr'>antem</span> <span class='ocrx_word' id='word_1_164' title='bbox 646 1189 737 1222; x_wconf 79' lang='lat' dir='ltr'>fonte</span> <span class='ocrx_word' id='word_1_165' title='bbox 754 1201 884 1221; x_wconf 89' lang='lat' dir='ltr'>omnem</span> <span class='ocrx_word' id='word_1_166' title='bbox 898 1201 983 1232; x_wconf 76' lang='lat' dir='ltr'>quae</span> <span class='ocrx_word' id='word_1_167' title='bbox 999 1189 1096 1222; x_wconf 87' lang='lat' dir='ltr'>hodie</span> <span class='ocrx_word' id='word_1_168' title='bbox 1115 1189 1222 1222; x_wconf 68' lang='lat' dir='ltr'>fertur</span> <span class='ocrx_word' id='word_1_169' title='bbox 1239 1188 1418 1232; x_wconf 84' lang='lat' dir='ltr'>scripturae</span> <span class='ocrx_word' id='word_1_170' title='bbox 1437 1189 1629 1224; x_wconf 83' lang='lat' dir='ltr'>varietatem</span> <span class='ocrx_word' id='word_1_171' title='bbox 1645 1192 1800 1234; x_wconf 84' lang='lat' dir='ltr'>fluxisse,</span> 
     </span>
     <span class='ocr_line' id='line_1_16' title="bbox 56 1242 1800 1287; baseline 0.002 -10"><span class='ocrx_word' id='word_1_172' title='bbox 56 1243 171 1287; x_wconf 80' lang='lat' dir='ltr'>ingens</span> <span class='ocrx_word' id='word_1_173' title='bbox 194 1243 354 1277; x_wconf 77' lang='lat' dir='ltr'>vitiorum</span> <span class='ocrx_word' id='word_1_174' title='bbox 375 1242 711 1287; x_wconf 71' lang='lat' dir='ltr'>gravissimorumque</span> <span class='ocrx_word' id='word_1_175' title='bbox 735 1244 996 1287; x_wconf 84' lang='lat' dir='ltr'>corruptelarum</span> <span class='ocrx_word' id='word_1_176' title='bbox 1017 1244 1191 1277; x_wconf 89' lang='lat' dir='ltr'>multitudo</span> <span class='ocrx_word' id='word_1_177' title='bbox 1221 1244 1329 1282; x_wconf 87' lang='lat' dir='ltr'>docet,</span> <span class='ocrx_word' id='word_1_178' title='bbox 1362 1244 1478 1286; x_wconf 89' lang='lat' dir='ltr'>quibus</span> <span class='ocrx_word' id='word_1_179' title='bbox 1507 1245 1589 1277; x_wconf 89' lang='lat' dir='ltr'>nihil</span> <span class='ocrx_word' id='word_1_180' title='bbox 1612 1247 1730 1280; x_wconf 81' lang='lat' dir='ltr'>auxilii</span> <span class='ocrx_word' id='word_1_181' title='bbox 1754 1260 1800 1281; x_wconf 84' lang='lat' dir='ltr'>ex</span> 
     </span>
     <span class='ocr_line' id='line_1_17' title="bbox 56 1297 1799 1342; baseline 0.003 -12"><span class='ocrx_word' id='word_1_182' title='bbox 56 1297 222 1342; x_wconf 81' lang='lat' dir='ltr'>codicibus</span> <span class='ocrx_word' id='word_1_183' title='bbox 245 1305 301 1330; x_wconf 83' lang='lat' dir='ltr'>aut</span> <span class='ocrx_word' id='word_1_184' title='bbox 322 1298 516 1331; x_wconf 81' lang='lat' dir='ltr'>editionibus</span> <span class='ocrx_word' id='word_1_185' title='bbox 538 1298 649 1341; x_wconf 83' lang='lat' dir='ltr'>parari</span> <span class='ocrx_word' id='word_1_186' title='bbox 669 1306 787 1341; x_wconf 86' lang='lat' dir='ltr'>potest.</span> <span class='ocrx_word' id='word_1_187' title='bbox 830 1298 946 1341; x_wconf 86' lang='lat' dir='ltr'>Neque</span> <span class='ocrx_word' id='word_1_188' title='bbox 967 1307 1073 1331; x_wconf 84' lang='lat' dir='ltr'>tamen</span> <span class='ocrx_word' id='word_1_189' title='bbox 1097 1311 1179 1341; x_wconf 89' lang='lat' dir='ltr'>quae</span> <span class='ocrx_word' id='word_1_190' title='bbox 1201 1299 1370 1331; x_wconf 87' lang='lat' dir='ltr'>intercedit</span> <span class='ocrx_word' id='word_1_191' title='bbox 1391 1299 1475 1330; x_wconf 88' lang='lat' dir='ltr'>inter</span> <span class='ocrx_word' id='word_1_192' title='bbox 1497 1300 1597 1331; x_wconf 87' lang='lat' dir='ltr'>libros</span> <span class='ocrx_word' id='word_1_193' title='bbox 1620 1301 1799 1336; x_wconf 85' lang='lat' dir='ltr'>similitudo</span> 
     </span>
     <span class='ocr_line' id='line_1_18' title="bbox 55 1352 1800 1397; baseline 0.001 -10"><span class='ocrx_word' id='word_1_194' title='bbox 55 1360 144 1386; x_wconf 69' lang='lat' dir='ltr'>tanta</span> <span class='ocrx_word' id='word_1_195' title='bbox 163 1360 230 1394; x_wconf 79' lang='lat' dir='ltr'>est,</span> <span class='ocrx_word' id='word_1_196' title='bbox 252 1361 288 1385; x_wconf 83' lang='lat' dir='ltr'>ut</span> <span class='ocrx_word' id='word_1_197' title='bbox 309 1364 422 1385; x_wconf 72' lang='lat' dir='ltr'>omnes</span> <span class='ocrx_word' id='word_1_198' title='bbox 445 1352 486 1385; x_wconf 77' lang='lat' dir='ltr'>ad</span> <span class='ocrx_word' id='word_1_199' title='bbox 504 1364 605 1385; x_wconf 79' lang='lat' dir='ltr'>unam</span> <span class='ocrx_word' id='word_1_200' title='bbox 620 1353 779 1387; x_wconf 77' lang='lat' dir='ltr'>familiam</span> <span class='ocrx_word' id='word_1_201' title='bbox 796 1352 920 1385; x_wconf 82' lang='lat' dir='ltr'>referre</span> <span class='ocrx_word' id='word_1_202' title='bbox 938 1366 1046 1396; x_wconf 87' lang='lat' dir='ltr'>queas.</span> <span class='ocrx_word' id='word_1_203' title='bbox 1081 1353 1196 1386; x_wconf 89' lang='lat' dir='ltr'>Potius</span> <span class='ocrx_word' id='word_1_204' title='bbox 1218 1354 1385 1387; x_wconf 84' lang='lat' dir='ltr'>varietatis</span> <span class='ocrx_word' id='word_1_205' title='bbox 1404 1354 1555 1397; x_wconf 81' lang='lat' dir='ltr'>exempla</span> <span class='ocrx_word' id='word_1_206' title='bbox 1573 1355 1800 1396; x_wconf 85' lang='lat' dir='ltr'>perlustranti·</span> 
     </span>
     <span class='ocr_line' id='line_1_19' title="bbox 55 1407 1798 1455; baseline 0.003 -14"><span class='ocrx_word' id='word_1_207' title='bbox 55 1408 114 1442; x_wconf 82' lang='lat' dir='ltr'>bus</span> <span class='ocrx_word' id='word_1_208' title='bbox 136 1420 175 1442; x_wconf 85' lang='lat' dir='ltr'>ea</span> <span class='ocrx_word' id='word_1_209' title='bbox 196 1408 292 1442; x_wconf 86' lang='lat' dir='ltr'>nobis</span> <span class='ocrx_word' id='word_1_210' title='bbox 314 1420 349 1441; x_wconf 85' lang='lat' dir='ltr'>se</span> <span class='ocrx_word' id='word_1_211' title='bbox 371 1408 471 1441; x_wconf 62' lang='lat' dir='ltr'>offert</span> <span class='ocrx_word' id='word_1_212' title='bbox 492 1407 724 1452; x_wconf 85' lang='lat' dir='ltr'>discrepantia,</span> <span class='ocrx_word' id='word_1_213' title='bbox 747 1407 788 1441; x_wconf 90' lang='lat' dir='ltr'>ad</span> <span class='ocrx_word' id='word_1_214' title='bbox 805 1419 903 1451; x_wconf 85' lang='lat' dir='ltr'>quam</span> <span class='ocrx_word' id='word_1_215' title='bbox 917 1409 1146 1454; x_wconf 82' lang='lat' dir='ltr'>explicandam</span> <span class='ocrx_word' id='word_1_216' title='bbox 1164 1410 1371 1444; x_wconf 85' lang='lat' dir='ltr'>diversarum</span> <span class='ocrx_word' id='word_1_217' title='bbox 1388 1409 1590 1443; x_wconf 80' lang='lat' dir='ltr'>familiarum</span> <span class='ocrx_word' id='word_1_218' title='bbox 1602 1413 1798 1455; x_wconf 80' lang='lat' dir='ltr'>cogitatione</span> 
     </span>
     <span class='ocr_line' id='line_1_20' title="bbox 12 1464 428 1507; baseline -0.002 -11"><span class='ocrx_word' id='word_1_219' title='bbox 12 1474 16 1483; x_wconf 91' lang='lat'>·</span> <span class='ocrx_word' id='word_1_220' title='bbox 56 1474 140 1507; x_wconf 86' lang='lat' dir='ltr'>opus</span> <span class='ocrx_word' id='word_1_221' title='bbox 162 1475 235 1496; x_wconf 81' lang='lat' dir='ltr'>esse</span> <span class='ocrx_word' id='word_1_222' title='bbox 256 1464 428 1496; x_wconf 62' lang='lat' dir='ltr'>videatur„</span> 
     </span>
    </p>

    <p class='ocr_par' dir='ltr' id='par_1_4' title="bbox 51 1516 1796 1835">
     <span class='ocr_line' id='line_1_21' title="bbox 138 1516 1796 1563; baseline 0.005 -14"><span class='ocrx_word' id='word_1_223' title='bbox 138 1517 195 1550; x_wconf 75' lang='lat' dir='ltr'>Ac</span> <span class='ocrx_word' id='word_1_224' title='bbox 220 1516 366 1562; x_wconf 86' lang='lat' dir='ltr'>primum</span> <span class='ocrx_word' id='word_1_225' title='bbox 393 1516 524 1560; x_wconf 85' lang='lat' dir='ltr'>quidem</span> <span class='ocrx_word' id='word_1_226' title='bbox 556 1516 854 1563; x_wconf 77' lang='lat' dir='ltr'>Guelferbytannm</span> <span class='ocrx_word' id='word_1_227' title='bbox 886 1518 1028 1551; x_wconf 86' lang='lat' dir='ltr'>codicem</span> <span class='ocrx_word' id='word_1_228' title='bbox 1058 1526 1089 1551; x_wconf 84' lang='lat' dir='ltr'>et</span> <span class='ocrx_word' id='word_1_229' title='bbox 1119 1518 1197 1551; x_wconf 83' lang='lat' dir='ltr'>Aldi</span> <span class='ocrx_word' id='word_1_230' title='bbox 1226 1519 1398 1552; x_wconf 88' lang='lat' dir='ltr'>editionem</span> <span class='ocrx_word' id='word_1_231' title='bbox 1434 1520 1476 1551; x_wconf 90' lang='lat' dir='ltr'>ad</span> <span class='ocrx_word' id='word_1_232' title='bbox 1506 1532 1605 1554; x_wconf 90' lang='lat' dir='ltr'>unam</span> <span class='ocrx_word' id='word_1_233' title='bbox 1634 1522 1796 1558; x_wconf 82' lang='lat' dir='ltr'>familiam</span> 
     </span>
     <span class='ocr_line' id='line_1_22' title="bbox 53 1571 1796 1617; baseline 0.004 -11"><span class='ocrx_word' id='word_1_234' title='bbox 53 1572 233 1617; x_wconf 72' lang='lat' dir='ltr'>pertinere,</span> <span class='ocrx_word' id='word_1_235' title='bbox 255 1586 301 1606; x_wconf 83' lang='lat' dir='ltr'>ex</span> <span class='ocrx_word' id='word_1_236' title='bbox 321 1585 360 1606; x_wconf 86' lang='lat' dir='ltr'>eo</span> <span class='ocrx_word' id='word_1_237' title='bbox 380 1571 592 1615; x_wconf 79' lang='lat' dir='ltr'>intelligitur,</span> <span class='ocrx_word' id='word_1_238' title='bbox 616 1572 703 1615; x_wconf 90' lang='lat' dir='ltr'>quod</span> <span class='ocrx_word' id='word_1_239' title='bbox 719 1572 808 1606; x_wconf 87' lang='lat' dir='ltr'>illins</span> <span class='ocrx_word' id='word_1_240' title='bbox 831 1573 992 1617; x_wconf 82' lang='lat' dir='ltr'>scriptura</span> <span class='ocrx_word' id='word_1_241' title='bbox 1015 1581 1080 1606; x_wconf 89' lang='lat' dir='ltr'>tam</span> <span class='ocrx_word' id='word_1_242' title='bbox 1095 1585 1195 1617; x_wconf 84' lang='lat' dir='ltr'>prope</span> <span class='ocrx_word' id='word_1_243' title='bbox 1214 1573 1255 1606; x_wconf 90' lang='lat' dir='ltr'>ad</span> <span class='ocrx_word' id='word_1_244' title='bbox 1272 1573 1367 1606; x_wconf 80' lang='lat' dir='ltr'>huius</span> <span class='ocrx_word' id='word_1_245' title='bbox 1383 1573 1630 1610; x_wconf 84' lang='lat' dir='ltr'>similitudinem</span> <span class='ocrx_word' id='word_1_246' title='bbox 1645 1579 1796 1613; x_wconf 83' lang='lat' dir='ltr'>accedere</span> 
     </span>
     <span class='ocr_line' id='line_1_23' title="bbox 53 1627 1796 1672; baseline 0.002 -11"><span class='ocrx_word' id='word_1_247' title='bbox 53 1628 190 1670; x_wconf 81' lang='lat' dir='ltr'>dicitnr,</span> <span class='ocrx_word' id='word_1_248' title='bbox 210 1637 249 1662; x_wconf 85' lang='lat' dir='ltr'>ut</span> <span class='ocrx_word' id='word_1_249' title='bbox 269 1629 349 1672; x_wconf 86' lang='lat' dir='ltr'>quin</span> <span class='ocrx_word' id='word_1_250' title='bbox 370 1640 408 1661; x_wconf 90' lang='lat' dir='ltr'>ea</span> <span class='ocrx_word' id='word_1_251' title='bbox 429 1628 475 1661; x_wconf 62' lang='lat' dir='ltr'>e!</span> <span class='ocrx_word' id='word_1_252' title='bbox 497 1628 538 1664; x_wconf 83' lang='lat' dir='ltr'>G.</span> <span class='ocrx_word' id='word_1_253' title='bbox 561 1639 720 1671; x_wconf 79' lang='lat' dir='ltr'>expressa</span> <span class='ocrx_word' id='word_1_254' title='bbox 742 1629 785 1661; x_wconf 89' lang='lat' dir='ltr'>sit</span> <span class='ocrx_word' id='word_1_255' title='bbox 806 1640 874 1661; x_wconf 85' lang='lat' dir='ltr'>non</span> <span class='ocrx_word' id='word_1_256' title='bbox 896 1627 1110 1660; x_wconf 87' lang='lat' dir='ltr'>dubitandum</span> <span class='ocrx_word' id='word_1_257' title='bbox 1125 1627 1292 1660; x_wconf 53' lang='lat' dir='ltr'>videatur.</span> <span class='ocrx_word' id='word_1_258' title='bbox 1325 1627 1368 1659; x_wconf 92' lang='lat' dir='ltr'>In</span> <span class='ocrx_word' id='word_1_259' title='bbox 1389 1640 1454 1670; x_wconf 88' lang='lat' dir='ltr'>qua</span> <span class='ocrx_word' id='word_1_260' title='bbox 1477 1641 1514 1661; x_wconf 86' lang='lat' dir='ltr'>re</span> <span class='ocrx_word' id='word_1_261' title='bbox 1531 1632 1690 1672; x_wconf 83' lang='lat' dir='ltr'>sequenda</span> <span class='ocrx_word' id='word_1_262' title='bbox 1712 1633 1796 1666; x_wconf 78' lang='lat' dir='ltr'>mihi</span> 
     </span>
     <span class='ocr_line' id='line_1_24' title="bbox 52 1680 1794 1727; baseline -0.001 -12"><span class='ocrx_word' id='word_1_263' title='bbox 52 1689 103 1715; x_wconf 81' lang='lat' dir='ltr'>est</span> <span class='ocrx_word' id='word_1_264' title='bbox 115 1682 284 1717; x_wconf 36' lang='lat' dir='ltr'>*Alai-unffi</span> <span class='ocrx_word' id='word_1_265' title='bbox 305 1682 465 1716; x_wconf 83' lang='lat' dir='ltr'>sententia</span> <span class='ocrx_word' id='word_1_266' title='bbox 486 1695 519 1727; x_wconf 85' lang='lat' dir='ltr'>p.</span> <span class='ocrx_word' id='word_1_267' title='bbox 530 1682 584 1723; x_wconf 79' lang='lat'>4.,</span> <span class='ocrx_word' id='word_1_268' title='bbox 616 1682 672 1725; x_wconf 89' lang='lat' dir='ltr'>qui</span> <span class='ocrx_word' id='word_1_269' title='bbox 699 1693 788 1716; x_wconf 83' lang='lat' dir='ltr'>nova</span> <span class='ocrx_word' id='word_1_270' title='bbox 816 1683 935 1715; x_wconf 86' lang='lat' dir='ltr'>codicis</span> <span class='ocrx_word' id='word_1_271' title='bbox 959 1680 1000 1717; x_wconf 82' lang='lat' dir='ltr'>G.</span> <span class='ocrx_word' id='word_1_272' title='bbox 1030 1681 1203 1713; x_wconf 86' lang='lat' dir='ltr'>collatione</span> <span class='ocrx_word' id='word_1_273' title='bbox 1233 1693 1313 1714; x_wconf 84' lang='lat' dir='ltr'>usus</span> <span class='ocrx_word' id='word_1_274' title='bbox 1336 1682 1507 1716; x_wconf 85' lang='lat' dir='ltr'>meliorem</span> <span class='ocrx_word' id='word_1_275' title='bbox 1528 1684 1566 1716; x_wconf 90' lang='lat' dir='ltr'>de</span> <span class='ocrx_word' id='word_1_276' title='bbox 1588 1696 1623 1716; x_wconf 81' lang='lat' dir='ltr'>ea</span> <span class='ocrx_word' id='word_1_277' title='bbox 1647 1698 1683 1717; x_wconf 86' lang='lat' dir='ltr'>re</span> <span class='ocrx_word' id='word_1_278' title='bbox 1705 1686 1794 1720; x_wconf 86' lang='lat' dir='ltr'>iudi.</span> 
     </span>
     <span class='ocr_line' id='line_1_25' title="bbox 52 1736 1794 1780; baseline 0.002 -10"><span class='ocrx_word' id='word_1_279' title='bbox 52 1737 149 1770; x_wconf 82' lang='lat' dir='ltr'>candi</span> <span class='ocrx_word' id='word_1_280' title='bbox 169 1738 389 1772; x_wconf 85' lang='lat' dir='ltr'>conditionem</span> <span class='ocrx_word' id='word_1_281' title='bbox 409 1737 562 1771; x_wconf 84' lang='lat' dir='ltr'>habebat.</span> <span class='ocrx_word' id='word_1_282' title='bbox 605 1737 665 1770; x_wconf 80' lang='lat' dir='ltr'>Ex</span> <span class='ocrx_word' id='word_1_283' title='bbox 685 1748 723 1770; x_wconf 88' lang='lat' dir='ltr'>ea</span> <span class='ocrx_word' id='word_1_284' title='bbox 745 1738 918 1771; x_wconf 87' lang='lat' dir='ltr'>collatione</span> <span class='ocrx_word' id='word_1_285' title='bbox 939 1745 1048 1780; x_wconf 86' lang='lat' dir='ltr'>patere</span> <span class='ocrx_word' id='word_1_286' title='bbox 1070 1736 1235 1778; x_wconf 83' lang='lat' dir='ltr'>affirmat,</span> <span class='ocrx_word' id='word_1_287' title='bbox 1262 1738 1383 1771; x_wconf 87' lang='lat' dir='ltr'>multas</span> <span class='ocrx_word' id='word_1_288' title='bbox 1405 1739 1451 1770; x_wconf 80' lang='lat' dir='ltr'>A.</span> <span class='ocrx_word' id='word_1_289' title='bbox 1474 1739 1627 1771; x_wconf 82' lang='lat' dir='ltr'>lectiones</span> <span class='ocrx_word' id='word_1_290' title='bbox 1651 1752 1669 1773; x_wconf 88' lang='lat' dir='ltr'>a</span> <span class='ocrx_word' id='word_1_291' title='bbox 1693 1742 1733 1774; x_wconf 89' lang='lat' dir='ltr'>G.</span> <span class='ocrx_word' id='word_1_292' title='bbox 1758 1751 1794 1776; x_wconf 78' lang='lat' dir='ltr'>ut</span> 
     </span>
     <span class='ocr_line' id='line_1_26' title="bbox 51 1791 1020 1835; baseline 0 -13"><span class='ocrx_word' id='word_1_293' title='bbox 51 1798 147 1825; x_wconf 67' lang='lat' dir='ltr'>antea</span> <span class='ocrx_word' id='word_1_294' title='bbox 168 1791 345 1824; x_wconf 81' lang='lat' dir='ltr'>videbatur</span> <span class='ocrx_word' id='word_1_295' title='bbox 365 1792 516 1825; x_wconf 79' lang='lat' dir='ltr'>diversas</span> <span class='ocrx_word' id='word_1_296' title='bbox 530 1792 574 1824; x_wconf 93' lang='lat' dir='ltr'>-in</span> <span class='ocrx_word' id='word_1_297' title='bbox 595 1792 668 1835; x_wconf 85' lang='lat' dir='ltr'>ipso</span> <span class='ocrx_word' id='word_1_298' title='bbox 690 1792 748 1826; x_wconf 86' lang='lat' dir='ltr'>illo</span> <span class='ocrx_word' id='word_1_299' title='bbox 769 1792 856 1824; x_wconf 89' lang='lat' dir='ltr'>libro</span> <span class='ocrx_word' id='word_1_300' title='bbox 879 1798 1020 1823; x_wconf 81' lang='lat' dir='ltr'>exstare.</span> 
     </span>
    </p>

    <p class='ocr_par' dir='ltr' id='par_1_5' title="bbox 49 1844 1794 2052">
     <span class='ocr_line' id='line_1_27' title="bbox 111 1844 1794 1888; baseline 0.002 -11"><span class='ocrx_word' id='word_1_301' title='bbox 111 1867 113 1869; x_wconf 34' lang='lat' dir='ltr'>f</span> <span class='ocrx_word' id='word_1_302' title='bbox 128 1844 207 1878; x_wconf 72' lang='lat' dir='ltr'>lam</span> <span class='ocrx_word' id='word_1_303' title='bbox 217 1856 319 1888; x_wconf 87' lang='lat' dir='ltr'>quum</span> <span class='ocrx_word' id='word_1_304' title='bbox 333 1845 451 1878; x_wconf 81' lang='lat' dir='ltr'>horum</span> <span class='ocrx_word' id='word_1_305' title='bbox 461 1846 627 1878; x_wconf 81' lang='lat' dir='ltr'>librorum</span> <span class='ocrx_word' id='word_1_306' title='bbox 638 1846 786 1878; x_wconf 79' lang='lat' dir='ltr'>maxima</span> <span class='ocrx_word' id='word_1_307' title='bbox 799 1845 973 1878; x_wconf 87' lang='lat' dir='ltr'>similitudo</span> <span class='ocrx_word' id='word_1_308' title='bbox 993 1846 1035 1878; x_wconf 83' lang='lat' dir='ltr'>sit</span> <span class='ocrx_word' id='word_1_309' title='bbox 1046 1857 1236 1888; x_wconf 86' lang='lat' dir='ltr'>summaque</span> <span class='ocrx_word' id='word_1_310' title='bbox 1251 1845 1487 1885; x_wconf 84' lang='lat' dir='ltr'>convenientia,</span> <span class='ocrx_word' id='word_1_311' title='bbox 1510 1846 1689 1888; x_wconf 84' lang='lat' dir='ltr'>quaeritur,</span> <span class='ocrx_word' id='word_1_312' title='bbox 1712 1861 1794 1882; x_wconf 89' lang='lat' dir='ltr'>num</span> 
     </span>
     <span class='ocr_line' id='line_1_28' title="bbox 50 1897 1791 1943; baseline 0.003 -11"><span class='ocrx_word' id='word_1_313' title='bbox 50 1897 166 1940; x_wconf 67' lang='lat' dir='ltr'>reliqui</span> <span class='ocrx_word' id='word_1_314' title='bbox 189 1898 251 1940; x_wconf 84' lang='lat' dir='ltr'>(M.</span> <span class='ocrx_word' id='word_1_315' title='bbox 275 1898 319 1931; x_wconf 83' lang='lat' dir='ltr'>R.</span> <span class='ocrx_word' id='word_1_316' title='bbox 343 1898 399 1940; x_wconf 89' lang='lat' dir='ltr'>P.)</span> <span class='ocrx_word' id='word_1_317' title='bbox 422 1900 465 1932; x_wconf 85' lang='lat' dir='ltr'>ab</span> <span class='ocrx_word' id='word_1_318' title='bbox 487 1899 529 1932; x_wconf 80' lang='lat' dir='ltr'>iis</span> <span class='ocrx_word' id='word_1_319' title='bbox 553 1900 634 1932; x_wconf 83' lang='lat' dir='ltr'>adeo</span> <span class='ocrx_word' id='word_1_320' title='bbox 656 1898 860 1943; x_wconf 86' lang='lat' dir='ltr'>discrepent,</span> <span class='ocrx_word' id='word_1_321' title='bbox 889 1907 925 1931; x_wconf 88' lang='lat' dir='ltr'>ut</span> <span class='ocrx_word' id='word_1_322' title='bbox 954 1900 1119 1933; x_wconf 81' lang='lat' dir='ltr'>diversam</span> <span class='ocrx_word' id='word_1_323' title='bbox 1148 1901 1305 1933; x_wconf 84' lang='lat' dir='ltr'>familiam</span> <span class='ocrx_word' id='word_1_324' title='bbox 1327 1900 1454 1932; x_wconf 84' lang='lat' dir='ltr'>efficere</span> <span class='ocrx_word' id='word_1_325' title='bbox 1477 1901 1690 1935; x_wconf 75' lang='lat' dir='ltr'>existimandi</span> <span class='ocrx_word' id='word_1_326' title='bbox 1714 1904 1791 1939; x_wconf 86' lang='lat' dir='ltr'>sint.</span> 
     </span>
     <span class='ocr_line' id='line_1_29' title="bbox 49 1948 1792 1999; baseline 0.003 -13"><span class='ocrx_word' id='word_1_327' title='bbox 49 1948 227 1995; x_wconf 68' lang='lat' dir='ltr'>Adquam</span> <span class='ocrx_word' id='word_1_328' title='bbox 248 1953 472 1997; x_wconf 88' lang='lat' dir='ltr'>quaestionem</span> <span class='ocrx_word' id='word_1_329' title='bbox 492 1961 665 1997; x_wconf 83' lang='lat' dir='ltr'>antequam</span> <span class='ocrx_word' id='word_1_330' title='bbox 686 1954 853 1994; x_wconf 76' lang='lat' dir='ltr'>accedam,</span> <span class='ocrx_word' id='word_1_331' title='bbox 874 1954 936 1985; x_wconf 89' lang='lat' dir='ltr'>hoc</span> <span class='ocrx_word' id='word_1_332' title='bbox 957 1954 1101 1997; x_wconf 86' lang='lat' dir='ltr'>primum</span> <span class='ocrx_word' id='word_1_333' title='bbox 1121 1955 1277 1994; x_wconf 85' lang='lat' dir='ltr'>monebo,</span> <span class='ocrx_word' id='word_1_334' title='bbox 1299 1966 1397 1996; x_wconf 91' lang='lat' dir='ltr'>quum</span> <span class='ocrx_word' id='word_1_335' title='bbox 1420 1954 1454 1985; x_wconf 89' lang='lat' dir='ltr'>in</span> <span class='ocrx_word' id='word_1_336' title='bbox 1475 1953 1516 1986; x_wconf 91' lang='lat' dir='ltr'>P.</span> <span class='ocrx_word' id='word_1_337' title='bbox 1539 1967 1717 1999; x_wconf 86' lang='lat' dir='ltr'>permagna</span> <span class='ocrx_word' id='word_1_338' title='bbox 1739 1959 1792 1991; x_wconf 88' lang='lat' dir='ltr'>in-</span> 
     </span>
     <span class='ocr_line' id='line_1_30' title="bbox 50 2004 1791 2052; baseline 0.003 -15"><span class='ocrx_word' id='word_1_339' title='bbox 50 2004 202 2047; x_wconf 73' lang='lat' dir='ltr'>veniatur</span> <span class='ocrx_word' id='word_1_340' title='bbox 220 2008 399 2043; x_wconf 77' lang='lat' dir='ltr'>lectionum</span> <span class='ocrx_word' id='word_1_341' title='bbox 420 2007 461 2041; x_wconf 90' lang='lat' dir='ltr'>ad</span> <span class='ocrx_word' id='word_1_342' title='bbox 483 2008 611 2042; x_wconf 84' lang='lat' dir='ltr'>nullum</span> <span class='ocrx_word' id='word_1_343' title='bbox 632 2009 734 2042; x_wconf 84' lang='lat' dir='ltr'>alium</span> <span class='ocrx_word' id='word_1_344' title='bbox 754 2009 878 2042; x_wconf 87' lang='lat' dir='ltr'>librum</span> <span class='ocrx_word' id='word_1_345' title='bbox 900 2007 1133 2052; x_wconf 82' lang='lat' dir='ltr'>pertinentium</span> <span class='ocrx_word' id='word_1_346' title='bbox 1154 2008 1341 2048; x_wconf 83' lang='lat' dir='ltr'>multitudo,</span> <span class='ocrx_word' id='word_1_347' title='bbox 1370 2007 1476 2041; x_wconf 85' lang='lat' dir='ltr'>videri</span> <span class='ocrx_word' id='word_1_348' title='bbox 1503 2020 1578 2042; x_wconf 87' lang='lat' dir='ltr'>eum</span> <span class='ocrx_word' id='word_1_349' title='bbox 1605 2022 1679 2043; x_wconf 90' lang='lat' dir='ltr'>cum</span> <span class='ocrx_word' id='word_1_350' title='bbox 1698 2013 1791 2045; x_wconf 83' lang='lat' dir='ltr'>nullo</span> 
     </span>
    </p>
   </div>
   <div class='ocr_carea' id='block_1_4' title="bbox 48 2059 1788 2107">
    <p class='ocr_par' dir='ltr' id='par_1_6' title="bbox 48 2059 1788 2107">
     <span class='ocr_line' id='line_1_31' title="bbox 48 2059 1788 2107; baseline 0.005 -16"><span class='ocrx_word' id='word_1_351' title='bbox 48 2059 102 2091; x_wconf 89' lang='lat' dir='ltr'>in</span> <span class='ocrx_word' id='word_1_352' title='bbox 96 2059 249 2093; x_wconf 77' lang='lat' dir='ltr'>familiae</span> <span class='ocrx_word' id='word_1_353' title='bbox 268 2062 457 2096; x_wconf 78' lang='lat' dir='ltr'>societatem</span> <span class='ocrx_word' id='word_1_354' title='bbox 478 2062 633 2106; x_wconf 73' lang='lat' dir='ltr'>coniungi</span> <span class='ocrx_word' id='word_1_355' title='bbox 655 2075 762 2107; x_wconf 85' lang='lat' dir='ltr'>posse.</span> <span class='ocrx_word' id='word_1_356' title='bbox 805 2062 938 2095; x_wconf 86' lang='lat' dir='ltr'>Etenim</span> <span class='ocrx_word' id='word_1_357' title='bbox 959 2074 1052 2106; x_wconf 49' lang='lat' dir='ltr'>qua&amp;</span> <span class='ocrx_word' id='word_1_358' title='bbox 1060 2063 1128 2107; x_wconf 83' lang='lat' dir='ltr'>ipse</span> <span class='ocrx_word' id='word_1_359' title='bbox 1149 2063 1236 2095; x_wconf 86' lang='lat' dir='ltr'>solus</span> <span class='ocrx_word' id='word_1_360' title='bbox 1259 2062 1357 2095; x_wconf 87' lang='lat' dir='ltr'>habet</span> <span class='ocrx_word' id='word_1_361' title='bbox 1379 2062 1577 2107; x_wconf 85' lang='lat' dir='ltr'>scripturas,</span> <span class='ocrx_word' id='word_1_362' title='bbox 1599 2076 1657 2097; x_wconf 84' lang='lat' dir='ltr'>eae</span> <span class='ocrx_word' id='word_1_363' title='bbox 1678 2066 1788 2099; x_wconf 88' lang='lat' dir='ltr'>multis</span> 
     </span>
    </p>
   </div>
   <div class='ocr_carea' id='block_1_5' title="bbox 47 2097 1788 2210">
    <p class='ocr_par' dir='ltr' id='par_1_7' title="bbox 47 2097 1788 2210">
     <span class='ocr_line' id='line_1_32' title="bbox 47 2097 1788 2164; baseline 0.005 -18"><span class='ocrx_word' id='word_1_364' title='bbox 47 2101 138 2147; x_wconf 71' lang='lat' dir='ltr'>locis</span> <span class='ocrx_word' id='word_1_365' title='bbox 162 2097 230 2148; x_wconf 84' lang='lat' dir='ltr'>tam</span> <span class='ocrx_word' id='word_1_366' title='bbox 258 2115 356 2161; x_wconf 80' lang='lat' dir='ltr'>longe</span> <span class='ocrx_word' id='word_1_367' title='bbox 385 2130 405 2151; x_wconf 86' lang='lat' dir='ltr'>a</span> <span class='ocrx_word' id='word_1_368' title='bbox 435 2118 637 2161; x_wconf 85' lang='lat' dir='ltr'>reliquorum</span> <span class='ocrx_word' id='word_1_369' title='bbox 658 2118 880 2152; x_wconf 81' lang='lat' dir='ltr'>consentiente</span> <span class='ocrx_word' id='word_1_370' title='bbox 901 2118 971 2151; x_wconf 80' lang='lat' dir='ltr'>fere</span> <span class='ocrx_word' id='word_1_371' title='bbox 993 2117 1183 2152; x_wconf 87' lang='lat' dir='ltr'>auctoritate</span> <span class='ocrx_word' id='word_1_372' title='bbox 1204 2117 1369 2151; x_wconf 82' lang='lat' dir='ltr'>librorum</span> <span class='ocrx_word' id='word_1_373' title='bbox 1389 2118 1564 2159; x_wconf 82' lang='lat' dir='ltr'>recedunt,</span> <span class='ocrx_word' id='word_1_374' title='bbox 1597 2126 1656 2161; x_wconf 85' lang='lat' dir='ltr'>ut,</span> <span class='ocrx_word' id='word_1_375' title='bbox 1688 2133 1788 2164; x_wconf 82' lang='lat' dir='ltr'>quum</span> 
     </span>
     <span class='ocr_line' id='line_1_33' title="bbox 1526 2178 1550 2210; baseline 0 0"><span class='ocrx_word' id='word_1_376' title='bbox 1526 2178 1550 2210; x_wconf 87' lang='grc'><strong>3</strong></span> 
     </span>
    </p>
   </div>
  </div>
 </body>
</html>
