1892 2442
1075 250 1085 283 ,ἰ

720 320 918 382 Gap
949 334 1001 376 u
1030 323 1061 373 ί
1095 306 1189 381 ⁴1,

292 420 357 456 De
391 418 615 456 Turnebi
649 423 697 456 et
731 419 949 459 Victorii
984 415 1262 477 editici‘uum
1297 424 1611 465 auctoritate.

183 562 342 594 Veterum
365 560 527 606 Aeschyli
550 561 750 602 editionum,
780 561 941 602 Aldinae,
974 562 1259 604 Robortelliauae‚
1275 562 1523 605 ¹'furnebianae
1551 573 1583 598 et
1604 565 1822 607 Victorinum,

74 620 160 663 quod
193 617 406 649 WVellauei-us
439 616 551 653 Praef,
582 629 612 660 p.
637 615 698 650 Vl.
726 629 887 649 summam
917 618 1140 655 auctoritatem
1167 627 1198 652 et
1226 618 1461 664 praestantiam
1488 631 1557 657 esse
1580 620 1673 662 dicit,
1701 620 1734 652 id
1756 619 1820 654 vix

74 676 138 708 dici
160 681 265 718 potest
288 680 487 716 quantopere
510 684 530 705 a
552 673 689 706 veritate
704 673 887 705 abhorreat
909 680 1128 716 quantumque
1150 674 1322 720 Aeschylo
1343 674 1502 712 nocuerit.
1544 676 1656 719 ,Atque
1677 676 1717 709 de
1738 674 1820 712 Aldi

72 730 203 775 quidem
227 737 258 761 et
272 728 460 761 Robortelli
481 728 674 760 editionibus
697 736 808 771 postea
831 726 1066 770 disputabitur;
1091 727 1269 763 Turnebus
1292 737 1417 769 autem,
1440 740 1538 772 quem
1558 730 1725 766 Victorius
1747 730 1819 774 Pk·

70 797 209 829 rumque
231 783 277 816 ita
299 783 447 826 sequitur
454 806 464 825 ,
486 790 523 815 ut
545 782 614 815 eius
638 794 753 815 caussa
776 783 818 816 ab
839 782 927 815 illius
950 782 1144 815 iudicatione
1164 783 1292 826 seiungi
1312 790 1469 827 nequeat,
1500 792 1620 827 quanta
1639 783 1820 827 temeritate

72 849 103 874 et
124 839 259 873 audacia
281 838 317 871 in
339 846 453 882 poetae
474 838 577 871 verba
599 845 768 881 grassatus
791 838 848 880 sit,
880 838 941 871 hoc
964 838 1067 882 capite
1094 838 1317 871 demonstrare
1337 838 1493 874 conabor.
1543 839 1578 873 ls
1599 839 1687 874 enim
1716 837 1818 881 quum

70 906 136 929 tres
158 902 288 927 tantum
308 894 454 932 fabulas,
477 900 513 925 ut
534 894 604 937 ipse
625 894 746 926 fatetur
767 893 804 925 in
825 893 1028 937 praefatione
1049 904 1188 934 graeca,
1218 893 1337 927 codicis
1361 893 1495 927 alicuius
1523 894 1708 929 adiumento
1735 882 1815 925 usus

70 952 197 990 ederet,
222 951 318 992 (quas
341 949 470 981 fabulas
492 948 744 988 Prometheum,
768 947 901 992 Septem
924 956 955 981 et
978 948 1097 982 Persas
1119 948 1220 981 tuisse
1242 948 1338 984 facile
1358 948 1582 993 intelligitur,)
1610 949 1652 982 ad
1674 947 1816 991 reliqua-

69 1019 144 1039 rum
166 1004 429 1037 emendationem
451 1003 534 1035 nihil
556 1002 676 1035 auxilii
700 1004 839 1035 habebat
864 1013 991 1047 praeter
1009 1003 1300 1047 depravatissimae
1311 1004 1455 1037 Aldinae
1470 1004 1651 1048 exemplar,
1673 1002 1709 1041 in
1727 1001 1817 1034 cuius

68 1062 157 1095 vitiis
180 1060 336 1094 tollendis
359 1071 454 1102 saepe
475 1058 561 1091 miro
583 1058 680 1090 modo
703 1070 739 1090 se
761 1057 866 1090 torsit.
904 1057 983 1092 Non
1005 1059 1191 1101 negandum
1214 1053 1279 1099 est,
1302 1060 1396 1092 haud
1410 1059 1520 1103 paucis
1540 1059 1622 1092 locis
1642 1057 1815 1102 sagacitate

67 1118 137 1150 eius
163 1127 281 1149 veram
310 1115 505 1159 scripturam
534 1125 603 1146 esse
630 1113 799 1147 inventam
839 1121 934 1158 atque
964 1113 1165 1154 restitutam;
1195 1114 1347 1159 pluribus
1375 1121 1485 1147 tamen
1514 1114 1675 1158 corruptis
1703 1119 1814 1157 poetae

67 1173 179 1207 verbis
203 1171 358 1215 graviora
382 1170 480 1203 etiam
503 1171 642 1202 vulnera
674 1169 799 1202 inflixit
827 1169 1087 1213 posterioresque
1115 1169 1272 1211 editores,
1309 1170 1365 1212 qui
1393 1170 1461 1202 eius
1490 1168 1664 1202 editionem
1694 1167 1813 1202 codicis

66 1242 129 1261 usu
152 1228 213 1260 niti
238 1233 405 1271 putarent,
442 1237 540 1269 saepe
562 1224 597 1257 in
628 1226 778 1257 fraudem
799 1225 933 1257 induxit
968 1233 997 1257 et
1028 1237 1145 1257 veram
1173 1225 1367 1257 emendandi
1394 1225 1488 1258 viam
1517 1225 1682 1257 obstruxit
1718 1232 1812 1268 atque

65 1283 266 1324 interclusit,
289 1282 322 1314 id
345 1281 432 1323 quod
456 1279 652 1313 Wellauero
674 1291 770 1323 saepe
792 1280 920 1316 accidit.
964 1279 1017 1316 Cf.
1041 1281 1082 1313 ad
1105 1293 1141 1313 v.
1163 1281 1240 1314 354.
1263 1281 1339 1313 404.
1361 1282 1437 1314 675.
1460 1281 1537 1320 598.
1560 1280 1604 1313 al.

173 1339 247 1372 Iam
269 1345 307 1369 ut
332 1337 371 1369 de
392 1336 488 1368 huius
510 1334 660 1382 editionis
683 1335 793 1367 indole
813 1334 943 1367 facilius
964 1336 1103 1368 iudicari
1126 1336 1248 1381 possit,
1277 1336 1493 1379 gravissimas
1522 1336 1699 1381 scripturas
1719 1337 1810 1370 nullo

64 1396 127 1429 alio
159 1394 245 1427 libro
274 1392 409 1425 traditas
437 1392 474 1424 in
502 1402 624 1433 genera
654 1391 815 1433 quaedam
844 1390 1055 1432 distribuam,
1084 1399 1118 1424 et
1147 1391 1293 1435 primum
1313 1391 1447 1434 quidem
1473 1403 1510 1425 ea
1533 1391 1742 1434 significabo,
1765 1404 1810 1425 ex

64 1451 180 1494 quibus
204 1447 351 1480 maxime
373 1452 525 1489 apparet,
550 1453 748 1488 quantopere
771 1445 950 1477 Turnebus
972 1457 1017 1477 ex
1040 1446 1130 1479 Aldo
1152 1446 1299 1489 pendeat.
1349 1445 1407 1479 Ex
1435 1446 1578 1489 Aldinae
1605 1446 1697 1479 vitiis
1724 1447 1810 1479 male

64 1505 218 1538 correctis
247 1504 328 1535 haec
355 1501 515 1542 originem
543 1507 739 1541 traxerunt,
770 1512 850 1542 quae
877 1500 1035 1541 leguntur
1060 1513 1095 1535 v.
1119 1500 1174 1535 15.
1201 1501 1258 1534 43.
1280 1501 1336 1535 47.
1366 1500 1424 1535 61.
1446 1499 1503 1539 66.
1527 1500 1604 1535 116.
1629 1500 1706 1535 156.
1731 1500 1808 1536 194.

61 1562 141 1596 212.
164 1559 245 1594 259.
268 1557 350 1592 261.
374 1556 453 1591 269.
476 1557 557 1590 314.
577 1557 659 1590 317.
682 1556 762 1589 382.
785 1556 866 1589 387.
888 1556 970 1590 428.
999 1557 1080 1590 444.
1108 1557 1189 1592 450.
1211 1556 1292 1591 466.
1315 1557 1395 1592 598.
1418 1557 1498 1592 638.
1521 1556 1600 1592 648.
1625 1556 1703 1592 655.
1726 1556 1807 1592 659.

60 1616 141 1651 675.
165 1614 246 1649 694.
270 1612 351 1647 756.
374 1612 452 1646 759.
477 1612 556 1646 767.
580 1613 659 1646 772.
684 1611 763 1645 793.
794 1611 874 1646 807.
904 1612 984 1645 823.
1007 1612 1086 1646 832.
1109 1613 1190 1647 848.
1213 1612 1292 1648 856.
1316 1613 1396 1649 860.
1419 1614 1500 1648 872.
1521 1613 1601 1647 873.
1623 1613 1704 1649 917.
1725 1614 1807 1649 978.

62 1673 163 1707 1008.
191 1669 294 1705 1026.
318 1668 419 1703 1041.
444 1667 545 1702 1058.

168 1725 300 1757 Horum
324 1723 552 1765 exemplorum
573 1721 735 1762 indolem,
759 1722 794 1753 in
817 1734 957 1764 quorum
980 1724 1223 1757 enumeratione
1245 1736 1282 1757 ea
1305 1723 1527 1768 praetermisi,
1549 1724 1606 1756 ubi
1629 1724 1807 1758 Turnebus

60 1780 133 1824 ipsa
156 1778 300 1811 Aldinae
322 1776 442 1809 menda
463 1775 501 1807 in
523 1786 619 1807 suum
641 1775 761 1807 librum
783 1776 970 1819 transtulit,
999 1777 1029 1810 si
1056 1779 1127 1821 quis
1149 1779 1407 1812 consideraverit
1436 1787 1465 1812 et
1487 1780 1711 1824 perpenderit,
1739 1792 1808 1814 non

60 1834 201 1878 amplius
223 1831 402 1873 dubitabit,
425 1830 504 1874 quid
528 1830 568 1864 de
591 1830 677 1863 illius
700 1830 850 1863 editionis
874 1833 1071 1874 praestantia
1095 1834 1302 1867 statuendum
1322 1834 1483 1868 videatur.
1527 1834 1657 1868 Etenim
1678 1842 1808 1879 praeter

61 1889 220 1922 Aldinam
239 1888 395 1920 editorem
423 1886 517 1918 nullo
538 1886 624 1918 libro
646 1898 745 1928 quum
767 1887 852 1919 hanc
875 1887 1021 1919 fabulam
1043 1888 1149 1919 ederet
1170 1900 1267 1921 usum
1290 1900 1360 1921 esse
1382 1889 1477 1921 facile
1499 1889 1666 1930 intelliget.
1717 1888 1805 1924 Nam

59 1942 213 1976 omnibus
236 1942 303 1983 fere
324 1941 376 1973 his
399 1941 478 1973 locis
501 1940 701 1973 Tumebum
722 1942 755 1973 id
778 1942 884 1985 egisse
906 1950 1008 1986 patet,
1030 1949 1067 1974 ut
1089 1954 1134 1975 ex
1155 1943 1347 1976 lectionibus
1376 1944 1448 1977 sive
1477 1943 1584 1988 potius
1612 1944 1803 1987 corruptelis

58 1998 214 2039 Aldinis,
249 2009 331 2040 quae
360 2009 457 2041 saepe
487 2008 530 2029 ne
558 2008 675 2039 graeca
706 1998 837 2039 quidem
857 1999 960 2031 verba
983 1998 1159 2039 exhibent,
1192 1999 1336 2042 aliquem
1357 2007 1442 2032 certe
1466 2010 1599 2031 sensum
1620 2008 1744 2034 erueret
1766 2012 1805 2035 ac

58 2055 175 2088 saltem
196 2052 360 2086 vocabula
383 2064 499 2093 graeca
519 2052 555 2084 in
575 2059 671 2085 textu
694 2060 838 2096 poneret.
871 2053 961 2085 Idem
986 2053 1069 2086 cadit
1090 2054 1126 2086 in
1147 2055 1251 2086 multa
1272 2054 1336 2087 alia
1358 2049 1524 2097 exempla,
1545 2053 1603 2086 ubi
1619 2065 1804 2098 quanquam

57 2107 202 2141 Aldinae
223 2106 365 2149 vestigia
389 2106 495 2138 minus
524 2106 697 2139 manifesta
729 2114 824 2148 sunt,
853 2107 1052 2141 coniecturas
1081 2116 1189 2142 tamen
1212 2121 1231 2141 a
1253 2109 1413 2142 Turnebo
1441 2109 1478 2141 iu
1499 2109 1677 2143 verborum
1698 2110 1803 2144 conti-

57 2162 246 2197 nuationem
262 2170 410 2207 receptas
430 2174 497 2194 esse
517 2170 613 2206 patet,
636 2162 751 2206 quibus
776 2168 831 2196 aut
852 2170 992 2196 metrum
1015 2164 1198 2198 restitueret
1212 2173 1268 2198 aut
1287 2164 1480 2200 sententiam
1494 2164 1672 2200 adiuvaret.
1705 2164 1803 2203 *Gon-
