1892 2442
140 206 148 225 ς
196 200 201 223 τ
234 191 382 228 Eorum
404 189 560 231 autem,
582 186 791 234 quae-dibri
815 186 930 223 fidem·
949 187 1181 223 ‘labefactare
1205 187 1369 234 Possint,
1397 188 1558 224 alterum
1581 201 1605 227 a
1636 191 1765 240 ple'ri'g.

130 272 228 310 que,
268 259 336 306 qui
370 267 525 305 operam
554 260 682 292 suam'·
699 256 850 306 dialogo
882 263 1089 301 navarunt,
1134 264 1194 292 est
1231 256 1552 312 animadversum,
1593 260 1763 310 alterius,

131 329 238 377 quod
259 326 394 371 scians,
421 334 501 362 non
526 326 619 363 satis*
640 325 764 360 adhuc
789 334 846 361 est
872 325 1006 361 'habita'
1038 326 1143 360 ratio.
1214 325 1410 361 Nimirum
1442 328 1613 374 plerique
1644 332 1686 365 in
1718 345 1763 369 ρο

129 397 389 441 offenderunt,
417 395 531 442 „quod
552 379 717 430 ⁴sumina
748 394 825 439 rei,
865 394 912 430 'de
946 406 1021 441 qua
1041 394 1205 442 'proprie
1240 395 1380 444 agitur,
1420 395 1512 442 quid
1544 397 1685 435 scilicet
1717 403 1765 438 sit

129 468 255 515 pietas
278 473 317 500 et
336 465 540 508 sanctitas,
582 475 662 498 non
687 463 738 498 ad·
766 474 857 498 eum
883 463 1001 498 finem
1034 464 1269 509 perducitur,
1315 475 1388 510 quo
1421 464 1582 512 legentis
1615 468 1764 505 animus

130 534 321 582 quiescere
346 532 481 581 possit,
520 531 585 568 sed
617 531 660 566 in
685 530 766 579 ipsa
799 531 854 568 rei
886 530 1150 578 disquisitione
1182 531 1294 567 filum
1323 531 1512 568 sermonis
1541 535 1667 572 subito
1700 538 1764 574 ab.

138 603 364 650 rumpitur,
393 611 506 649 atque
532 600 756 648 Euthyphro
782 601 826 636 in
854 601 956 637 aliud
978 609 1129 648 tempus
1157 602 1392 648 questionem
1420 589 1553 638 differt.

234 700 285 736 At
310 708 407 734 num
433 696 473 733 id
499 697 610 733 unice
636 697 680 733 fit
709 696 751 733 in
776 704 904 733 nostro
937 695 1123 747 dialogo}
1174 698 1311 734 Nonne
1341 698 1383 734 in
1415 698 1614 747 permultis
1638 700 1765 740 Plato-

130 770 189 805 nis
216 768 361 814 scriptis
385 767 488 802 idem
514 767 667 802 evenire
691 767 806 810 solet,
833 773 899 810 ut,
930 766 1103 802 refutatis
1137 768 1302 815 vulgaris
1340 768 1528 814 opinionis
1562 772 1764 816 erroribus,

133 836 225 885 quid
264 846 407 872 verum*
435 836 504 880 sit,
531 834 590 878 {et
605 854 608 856 ·
623 834 714 881 quid
743 833 994 883 philosophus
1027 834 1108 883 ipse
1141 835 1187 871 de
1220 836 1332 871 rebus
1354 833 1562 884 :propositis
1596 843 1765 887 senserit,

129 906 250 955 magis
276 904 508 957 divinatione
535 904 697 951 quadam
723 903 885 949 assequi,
911 915 1027 949 quam
1051 905 1248 952 perspicue
1267 916 1496 954 cognoscere
1519 908 1736 953 possimus?

232 997 282 1054 At
308 1025 417 1061 vero,
451 1017 653 1064 inquiunt,
688 1017 871 1061 majorem
897 1016 940 1052 in
964 1017 1125 1053 modum
1151 1016 1217 1052 illa
1243 1010 1339 1053 ratio
1364 1018 1407 1053 in
1432 1030 1478 1053 eo
1504 1018 1635 1056 libello
1660 1004 1764 1058 inve·

129 1088 255 1131 nitur,
281 1066 404 1132 quum
429 1082 578 1132 pietatis
603 1085 814 1131 disquisitio
840 1085 889 1121 ad
914 1085 1068 1120 nullum
1093 1085 1173 1120 fere
1198 1084 1316 1121 finem
1340 1087 1568 1134 perducatur
1575 1101 1587 1134 5
1619 1089 1661 1124 in
1687 1102 1763 1136 quo

127 1156 242 1194 facile
265 1154 516 1190 concesserim
540 1154 813 1200 philosophum
836 1154 953 1191 fuisse
974 1155 1251 1202 vituperatione
1285 1155 1466 1201 dignum,
1506 1156 1581 1192 nisi
1613 1158 1652 1194 et
1685 1160 1764 1206 ipsa

130 1221 345 1270 disputandi
370 1220 547 1267 materies
572 1219 689 1255 nimis
716 1219 886 1268 angustis
909 1217 1084 1255 terminis
1110 1218 1403 1265 circumscripta,
1428 1227 1469 1256 et
1492 1223 1661 1269 consilio,
1688 1239 1764 1273 quo

128 1292 322 1340 dialogum
356 1290 615 1336 conscriptum
637 1279 826 1334 arbitror,
864 1288 1116 1324 nihilominus
1154 1287 1388 1324 satisfactum
1427 1290 1526 1326 mihi
1562 1292 1763 1333 videretur.

127 1360 283 1398 Etenim
309 1359 342 1395 si
365 1359 515 1394 ratione
537 1358 746 1402 evincitur,
770 1357 973 1405 pietatem,
1000 1369 1095 1405 quae
1120 1357 1236 1406 vulgo
1262 1369 1341 1393 non
1365 1358 1408 1394 in
1433 1368 1541 1407 grato
1567 1372 1654 1412 erga
1678 1366 1764 1401 deo-

129 1433 224 1467 rum
243 1428 519 1477 benignitatem
547 1427 695 1472 animo,
736 1438 816 1462 non
844 1427 887 1463 in
903 1427 1055 1463 intima
1086 1430 1175 1476 er'ga
1209 1426 1366 1463 deorum
1385 1428 1636 1467 'voluntatem
1659 1445 1763 1471 reve-

129 1499 252 1536 rentia
278 1504 514 1541 cerneretur,
553 1499 672 1542 (quae
707 1496 861 1543 quidem
893 1496 999 1532 notio
1031 1496 1075 1532 in
1107 1495 1360 1532 Christianam
1392 1497 1604 1535 doctrinam
1631 1503 1763 1541 cadere

130 1564 341 1617 potest,'in
365 1572 561 1610 veterum,
588 1576 693 1612 quae
709 1565 1074 1601 circumferebantur
1099 1565 1145 1600 de
1167 1565 1241 1601 'diis‘
1261 1565 1471 1614 figmenta,-
1490 1568 1570 1603 non
1592 1568 1761 1618 potest),

130 1638 195 1674 sed
219 1638 261 1672 in
287 1634 447 1671 ridiculo
473 1634 639 1681 quodam
665 1637 852 1670 constaret
876 1634 1035 1670 deorum
1059 1635 1254 1682 precibus,
1272 1638 1276 1642 '
1291 1635 1404 1671 sacris
1430 1637 1613 1683 donisque
1640 1637 1763 1676 colen-

130 1707 268 1742 dorum
294 1704 394 1749 ritu,
422 1716 498 1751 quo
526 1706 661 1739 eoru'm
687 1702 850 1752 gratiam
876 1711 915 1739 et
940 1703 1244 1739 benevolentiam
1270 1704 1412 1750 captari·
1432 1716 1542 1759 posse
1568 1707 1764 1755 opinaren-
1815 1733 1820 1737 -

131 1782 215 1822 mr3
241 1774 294 1818 si,
319 1775 501 1820 inquam,
528 1772 732 1817 evincitur,
757 1773 959 1817 ejusmodi?
969 1773 1150 1820 pietatem
1176 1785 1226 1808 ne
1250 1772 1406 1820 nomine
1433 1775 1590 1821 quidem
1615 1779 1763 1824 pietatis

128 1855 212 1880 esse
226 1843 414 1891 dignam,
440 1850 553 1889 atque
588 1842 746 1877 omnino
769 1841 945 1889 ineptum
972 1845 1063 1878 'esse
1079 1842 1227 1878 credere
1252 1841 1342 1878 talia
1360 1841 1624 1890 diis'placere:
1676 1849 1764 1884 inde

130 1920 312 1958 sequatur
334 1912 495 1954 'necesse
524 1917 605 1953 est,
650 1911 761 1946 istam
802 1911 918 1957 plane.
955 1915 975 1946 e
1014 1912 1199 1946 viruitum
1232 1911 1327 1945 serie
1367 1922 1447 1945 esse
1482 1912 1763 1953 eliminandam.

131 1977 242 2029 Quod
256 1981 299 2016 'si
324 1980 637 2029 cogitaverimus,
669 1981 728 2017 res
753 1980 796 2015 in
823 1979 979 2029 dialogo
998 1988 1129 2016 nostro
1158 1979 1439 2027 quodammodo
1472 1982 1643 2019 absoluta
1667 1987 1765 2022 vide-

128 2050 234 2086 bitur
241 2052 254 2098 3'
294 2049 374 2085 illa·
394 2050 522 2095 enim,
563 2061 660 2097 quae
692 2049 808 2099 vulgo
834 2049 1046 2095 dicebatur,
1086 2050 1224 2098 pietas,
1256 2040 1311 2085 'ut
1342 2060 1402 2084 res
1429 2050 1587 2087 ridicula
1620 2054 1765 2102 diisque

127 2120 241 2166 plane
266 2119 424 2169 indigna
437 2119 648 2156 :dei-idem.
702 2117 803 2168 Quid
834 2127 964 2156 autem
990 2120 1098 2156 Plato
1129 2120 1210 2167 ipse
1226 2110 1289 2155 ‘de
1323 2119 1466 2167 pietate
1484 2122 1685 2171 cogitarit,
1726 2125 1766 2162 id

129 2198 185 2225 ex<
203 2189 350 2226 duobus
371 2189 468 2227 *loeis
501 2189 590 2227 satis
615 2175 756 2236 liquet,
798 2188 841 2226 in
866 2189 1003 2238 quibus
1030 2189 1175 2226 disertis
1202 2188 1326 2226 verbis
1351 2188 1465 2226 idem·
1479 2191 1575 2227 illud
1599 2193 1768 2240 pmnun-

1294 2258 1313 2295 1
1343 2255 1366 2282 *
