1892 2442
752 53 1111 104 τηρ-,ψ

59 184 127 207 no-
146 171 255 209 omnis
270 171 396 207 ‚luorum
412 179 571 208 versuum
593 168 769 208 difficultas
792 168 935 210 tollitur-3
963 168 1159 210 relinquitur
1180 167 1267 201 enim
1288 167 1447 202 incultum
1469 164 1725 210 impeditumque
1753 166 1805 199 lo-

60 226 180 270 quendi
202 237 323 269 genna,
352 223 383 255 si
405 222 444 256 δὲ
466 235 525 266 pro
548 219 636 255 ἀλλὰ
658 223 803 267 accipere
824 231 856 256 et
876 223 918 255 ad
940 217 1105 261 κοινώσας
1128 222 1335 267 participium
1355 217 1520 266 κραίνοιμ’
1548 216 1589 254 ἂν
1612 219 1804 262 cogitatione

59 284 205 325 repetere
233 278 393 321 cogimur.
431 276 543 320 'Quod
570 287 679 320 quaxnv
696 276 815 309 durum
842 277 882 309 sit
910 277 1143 321 Aeschyloque
1173 276 1362 319 indignum,
1397 288 1491 309 nemo
1517 287 1589 310 non
1620 273 1803 318 perspiciet-

60 335 176 379 Quare
198 332 459 369 commodissime
479 333 535 373 fit,
568 339 604 365 ut
626 331 732 364 codex
752 330 792 364 P.
815 331 977 364 κοινῶσαι
999 331 1061 375 (Μ.
1084 330 1245 375 nomana)
1268 332 1445 377 praebeat;
1479 344 1542 375 quo
1564 332 1601 365 in
1623 330 1803 366 verborum

58 395 249 427 contextum
270 394 399 432 recepto
420 386 548 430 aliaque
568 386 634 419 leni
650 385 793 418 admissa
813 386 993 419 mutatione
1008 386 1088 419 haec
1105 388 1266 431 scriptura
1286 386 1461 420 admodum
1476 386 1656 430 probabilis
1671 383 1800 418 existit:

464 438 550 485 Ἐγὼ
573 439 607 475 δ’
630 436 673 477 ἓν
695 437 735 474 οὔ
757 437 921 485 κραίνοιμ’
944 436 1140 482 ὑπόσχεσιν,
1163 439 1275 488 πάρος

469 493 605 530 ἀστοῖσι
625 496 714 529 πᾶσι
733 495 837 529 τῶνδε
859 495 1019 529 κοινῶσαι
1041 494 1133 540 πέρι.

141 551 273 589 Minore
298 551 398 585 etiam
431 552 606 585 mutatione
633 551 806 595 scripseris
834 547 951 590 ἀστοῖς
979 548 1104 590 ἅπασι,
1138 552 1182 585 ita
1214 559 1250 585 ut
1277 550 1316 584 δὲ
1338 563 1383 584 ex
1413 551 1520 583 littera
1548 550 1665 583 initiali
1687 546 1800 582 ἅπασι

56 606 210 644 voe-buti
232 615 346 643 aarum
367 618 438 641 esse
461 607 620 641 videatur.
652 605 813 639 Similiter
833 617 934 650 supra
955 607 990 639 ”v-
1002 606 1077 640 439.
1100 604 1274 652 ἐμπλήσας
1289 606 1326 639 in
1347 604 1518 649 ἐμπλῆσαι
1533 604 1802 646 ειιιοιιάεινὶηιιιιξ

55 662 206 740 idemque
227 662 345 699 vitium
369 661 572 696 contraxisse
593 660 725 695 videtur
749 673 780 692 v.
804 660 886 695 318:

664 713 760 756 εἰδὼς
782 713 816 749 δ’
842 713 928 758 ἀμὸν
949 712 1087 760 ἀρχαῖον
1109 717 1202 760 γένος

518 769 686 816 πράσσοις
710 768 768 811 ἂν,
791 769 836 809 ὦς
852 768 1005 814 ,Αργεῖον
1023 768 1187 816 ἆνστήσας
1210 772 1340 812 στόλον,

54 827 113 862 uhi
139 824 207 863 non
234 827 381 870 intelligo
409 827 619 871 participium
648 827 779 867 aoristi,
811 838 916 869 neque
942 827 1011 860 eius
1039 828 1291 871 explicationem
1319 839 1339 861 a
1369 825 1561 860 Wellauero
1582 822 1798 869 propositam.

55 885 169 928 Quare
190 883 298 916 neseio
320 896 362 918 an
384 880 545 926 ἅνστῆσαι
568 883 792 926 reponendum
814 882 869 916 sit.
914 881 1011 918 Ferri
1033 894 1099 915 non
1122 894 1217 926 posse
1240 878 1404 926 ἆνστῆσας
1425 882 1526 915 sensit
1548 881 1649 917 etiam,
1667 880 1717 922 is,
1741 879 1797 922 qui

54 939 197 972 codicem
217 937 503 971 Roboroenianum
524 937 671 981 scripsit,
692 938 751 980 qui
772 937 901 980 quidem
923 936 1031 970 minus
1054 937 1264 980 probabiliter
1286 934 1450 982 ἀνστήσῃς
1472 935 1669 972 emendavit,

137 992 251 1026 Redeo
272 993 313 1025 ad
334 993 403 1026 cod.
427 992 487 1033 P.;
517 1004 562 1025 ex
581 1004 653 1035 quo
681 993 767 1036 quod
795 1005 830 1026 v.
848 994 924 1028 771.
948 991 1104 1025 Faehsius
1127 994 1222 1025 affert
1251 992 1336 1035 τῷδε
1360 992 1590 1037 χριμφθῆναι,
1620 1003 1659 1023 eo
1688 989 1796 1022 minus

55 1048 166 1081 dubito
186 1048 265 1090 quin
287 1059 404 1080 verum
426 1047 484 1086 sit,
508 1059 609 1089 quum
630 1047 725 1079 etiam
749 1047 796 1079 Μ.
821 1054 856 1080 et
873 1046 918 1080 R.
943 1059 1008 1079 non
1031 1044 1109 1090 τῷδ’
1133 1046 1324 1091 ἐγχριμφθ.,
1353 1048 1407 1080 sed
1438 1043 1524 1090 τῷδ’
1547 1044 1711 1090 ἐχριμφθ.
1734 1044 1795 1077 ha-

53 1104 167 1145 beant,
198 1102 233 1135 in
264 1114 327 1145 quo
355 1102 438 1134 nihil
460 1101 617 1135 vitiosum
646 1109 693 1134 est
716 1110 845 1145 praeter
868 1113 1059 1145 perversam
1080 1101 1261 1134 litterarum
1282 1102 1318 1134 in
1341 1103 1498 1135 vocabula
1517 1101 1795 1137 distributionem,

53 1158 110 1190 Ex
132 1170 196 1201 qua
218 1156 382 1189 scribendi
404 1156 529 1189 ratione
560 1163 694 1200 apparet
725 1156 818 1198 origo
845 1157 1000 1199 vulgatae
1027 1157 1207 1201 scripturae
1228 1154 1309 1201 τῷδ’
1334 1156 1434 1202 ἕῃρ.,
1464 1169 1547 1200 quae
1569 1157 1605 1189 in
1628 1158 1667 1190 G.
1693 1164 1725 1189 et
1746 1156 1791 1189 Δ.

51 1213 230 1257 reperitur,
252 1212 338 1243 unde
360 1223 377 1243 a
401 1211 561 1243 Turnebo
584 1218 713 1254 recepta
732 1210 770 1244 in
793 1211 988 1254 posteriores
1009 1212 1167 1245 editiones
1189 1213 1329 1245 transiit.
1380 1213 1532 1245 Ceterum
1554 1212 1724 1255 probabile
1746 1220 1794 1243 est

52 1280 97 1301 ex
119 1269 181 1301 hoc
200 1280 302 1300 versu
324 1266 459 1310 petitum
481 1279 570 1309 esse,
600 1268 684 1311 quod
709 1267 895 1313 Hesychius
919 1266 1015 1299 habet
1034 1268 1262 1311 χριμφθῆναι,
1294 1265 1559 1311 ε’μπελασθῆναι.
1615 1266 1793 1299 Praeterea

50 1323 116 1358 alio
137 1323 221 1359 vitio
241 1322 294 1356 hic
313 1323 405 1360 locus
426 1323 555 1362 laborat
575 1324 721 1356 foediore
744 1323 856 1363 etiam3
878 1335 955 1355 nam
976 1324 1052 1364 quid
1076 1324 1207 1355 tandem
1235 1324 1297 1355 sibi
1324 1324 1395 1355 vult
1422 1322 1529 1366 τῷδε,
1560 1323 1635 1365 quid
1656 1324 1794 1366 χεροῖνῖ

50 1377 124 1410 Hoc
144 1376 342 1410 vocabulum
364 1375 404 1408 P.
429 1376 548 1427 omittit
570 1384 649 1409 teste
666 1375 816 1418 Faehsio,
841 1390 941 1420 quum
961 1377 997 1410 in
1020 1378 1108 1413 Med.
1129 1379 1224 1422 χροῖν
1245 1378 1442 1418 inveniatur,
1465 1377 1501 1409 in
1523 1389 1586 1419 quo
1606 1377 1685 1421 χροΐ
1705 1379 1792 1411 latet.

49 1434 123 1468 liae
142 1426 310 1467 lenissima
333 1432 511 1468 mutatione
532 1434 636 1468 omnis
659 1433 834 1467 difficultas
849 1442 1049 1475 removetur,
1073 1442 1107 1466 ut
1123 1434 1194 1466 iure
1214 1432 1343 1466 mireris
1356 1432 1521 1467 neminem
1539 1433 1790 1477 hocinvenisse,

50 1490 246 1534 quamquam
267 1489 378 1521 multis
401 1488 540 1532 τῳδε-
547 1500 660 1533 χερσιν
679 1490 852 1522 offensioni
873 1489 943 1521 fuit.
979 1488 1049 1521 Alii
1069 1489 1157 1520 enim
1181 1482 1260 1527 ὦδε,
1284 1488 1338 1520 alii
1360 1488 1455 1532 τᾷδε,
1478 1488 1534 1520 alii
1555 1488 1665 1520 τοῖνδε
1681 1489 1791 1521 conie-

51 1552 180 1585 cerunt,
203 1543 259 1576 alii
279 1545 392 1588 χεροῖν
414 1544 603 1576 omiserunt.
650 1543 737 1577 Vide
759 1544 964 1577 Ahrensium
986 1557 1019 1588 p.
1034 1546 1086 1577 31.
1136 1543 1205 1576 lam
1226 1544 1286 1576 hoc
1308 1556 1409 1576 versu
1431 1556 1506 1576 cum
1528 1543 1734 1576 antecedente
1755 1542 1790 1575 in

48 1612 152 1632 unum
173 1600 357 1632 trimetrum
378 1599 554 1632 iambicum
576 1600 748 1631 coniuncto
765 1600 814 1630 sic
831 1600 955 1631 scribe:
978 1598 1059 1643 πρὶν
1080 1594 1170 1642 ἶίνδρ’
1192 1594 1359 1632 ἶίπευκτὸν
1376 1599 1465 1643 τῷδε
1477 1600 1689 1645 χριμφθῆναι
1701 1598 1788 1643 χροΐ.

48 1654 220 1696 „Monam
244 1662 416 1697 antequam
439 1654 495 1687 vir
516 1654 752 1687 abominandus
773 1654 850 1686 huic
871 1654 918 1695 (id
942 1663 990 1687 est
1011 1655 1097 1695 meo)
1121 1654 1249 1697 corpori
1272 1655 1522 1699 appropinquet,
1547 1668 1654 1688 meum
1671 1666 1789 1698 corpus

48 1713 260 1742 contrectet.“
286 1709 383 1751 Quod
403 1711 443 1742 ad
462 1710 612 1752 strophae
628 1721 764 1742 versum
782 1709 903 1750 attinet,
922 1709 950 1741 is
961 1710 1144 1742 foedissime
1156 1709 1350 1753 depravatus
1371 1719 1420 1743 est
1434 1710 1583 1743 Turnebi
1596 1710 1785 1747 temeritate,

48 1764 116 1807 Qui
138 1765 224 1807 quod
247 1764 345 1796 edidit
367 1761 528 1805 ἆμπτᾶσα
553 1761 583 1795 δ’
606 1760 697 1803 nigei,
729 1762 764 1795 in
787 1775 899 1795 omnes
923 1765 1077 1796 editiones
1100 1772 1337 1807 propagatum,
1369 1766 1411 1797 ab
1440 1764 1659 1807 antiquiorum
1680 1764 1787 1798 libro-

46 1831 121 1852 rum
142 1818 330 1851 auctoritate
351 1819 638 1852 vehementissime
660 1819 822 1851 abhorret.
868 1819 924 1851 Ad
945 1819 1063 1852 horum
1084 1818 1263 1862 scripturas
1286 1820 1468 1863 paullulum
1495 1819 1579 1852 inter
1605 1831 1640 1851 se
1662 1819 1787 1853 discre-

46 1881 159 1916 pantes
180 1872 264 1906 nihil
286 1873 421 1917 propius
444 1875 584 1915 accedit,
609 1887 706 1917 quam

454 1927 493 1962 τὸ
516 1930 584 1961 πᾶν
606 1927 640 1962 δ’
666 1925 829 1973 ι’ίφαντος,
852 1925 1018 1972 ἇμπετής,
1042 1922 1158 1966 ι’ίϊστος
1180 1926 1236 1968 ὥς,

46 1992 145 2025 quam
165 1983 422 2030 emendationem
445 1985 486 2016 ab
509 1985 676 2017 Ahrensio
698 1987 797 2029 p.31.
821 1991 1088 2028 praeoccupatam
1110 1984 1219 2016 video.

114 2035 174 2068 ΝΤ.
197 2039 272 2071 316.
307 2036 611 2082 πεντηκοστόπαις,
635 2041 721 2083 quod
744 2052 829 2071 nunc
852 2041 1026 2082 mlgatur,
1056 2039 1175 2072 rationi
1205 2049 1234 2071 et
1255 2038 1423 2081 analogiae
1447 2047 1607 2084 repugnat
1634 2052 1697 2073 nec
1721 2053 1784 2085 quo

44 2099 79 2121 se
101 2096 230 2125 tueatur
251 2094 440 2137 exemplum
463 2094 578 2135 habet,
601 2106 701 2137 quum
721 2091 1015 2137 πεντηκοντάπαις,
1040 2094 1126 2137 quod
1143 2094 1183 2126 P.
1205 2093 1356 2136 praebet,
1378 2101 1411 2126 et
1421 2093 1535 2128 Prom.
1558 2095 1635 2128 855.
1655 2096 1785 2139 legatur

44 2149 76 2175 et
105 2143 284 2178 multorum
311 2148 541 2192 exemplorum
567 2147 778 2181 similitudine
806 2148 1011 2184 defendatur.
1060 2148 1212 2190 Accedit,
1243 2149 1328 2192 quod
1357 2149 1404 2183 M.
1436 2149 1782 2194 πεντηκοντοστόπαις
