1892 2442
874 663 958 699 De

231 784 745 833 emendatione
787 780 1098 830 fabulae
1135 780 1603 840 Aeschynae,

516 906 519 909 “
547 923 674 959 quae
703 911 958 956 Supplices
985 908 1281 966 inscribitur.

45 1152 108 1198 In
128 1163 290 1208 Aeschyli
311 1161 440 1194 fabulas
464 1160 614 1204 quamvis
637 1166 754 1199 ,nostra
783 1164 888 1191 aetate
916 1167 935 1188 e
958 1154 1107 1187 virorum
1129 1153 1298 1187 doctorum
1325 1154 1439 1187 studiis
1468 1155 1610 1189 multum
1635 1152 1789 1197 utilitatisv

46 1217 294 1259 redundaverit,
317 1216 475 1258 multique
496 1226 630 1255 versus,
654 1213 709 1256 qui
732 1213 811 1245 olim
833 1211 978 1255 corrupti
1000 1210 1230 1252 obscur-atique
1250 1209 1414 1250 iacebant,
1436 1209 1505 1242 iam
1527 1210 1664 1243 correcti
1687 1220 1786 1255 atque

43 1272 199 1307 illustrati
220 1271 419 1313 habeantur,
442 1277 552 1303 tamen
573 1269 750 1302 etiamnum
771 1275 858 1300 tanta
882 1267 1137 1309 depravatorum
1157 1264 1305 1296 locorum
1326 1263 1500 1296 multitudo
1522 1271 1634 1305 restat,
1657 1273 1704 1307 ut,
1727 1266 1786 1310 qui

45 1335 148 1361 artem
170 1327 316 1359 criticam
336 1326 484 1357 factitare
505 1325 598 1366 velit,
622 1324 751 1356 abunde
772 1323 928 1355 materiae
951 1320 1082 1360 habeat,
1107 1319 1140 1349 in
1163 1331 1226 1363 qua
1250 1319 1450 1351 coniectandi
1477 1318 1573 1351 saciat
1601 1320 1787 1363 periculum

45 1391 75 1416 et
96 1380 219 1426 ingenii
241 1393 378 1413 acumen
400 1386 561 1412 exerceat,
615 1378 656 1411 ln
685 1390 748 1422 qua
776 1389 813 1410 re
842 1388 943 1419 quum
972 1386 1033 1418 ego
1056 1385 1183 1417 quoque
1206 1373 1404 1417 aliquamdiu
1432 1374 1573 1418 opellam
1594 1386 1703 1407 meam
1724 1388 1786 1420 po-

45 1427 183 1469 suissem
214 1437 378 1478 multaque
407 1434 525 1478 partim
553 1442 674 1472 temere
702 1432 824 1477 partim
850 1444 919 1465 non
947 1441 1082 1475 prorsus
1113 1428 1288 1462 infeliciter
1317 1436 1509 1470 tentassem,
1540 1441 1582 1461 ne
1604 1429 1709 1463 omnis
1732 1431 1785 1465 hic

44 1489 235 1523 emendandi
257 1489 350 1521 labor
370 1489 455 1521 iusto
477 1487 688 1519 fundamento
710 1494 836 1519 careret
858 1493 914 1518 aut
936 1484 977 1516 ad
999 1483 1176 1515 iucundam
1197 1484 1330 1515 ludendi
1351 1484 1517 1516 levitatem
1540 1485 1680 1525 rediret,
1710 1494 1786 1518 ante

46 1544 153 1577 omnia
176 1543 215 1575 de
236 1542 417 1583 librorum,
450 1533 566 1585 quibus
588 1540 751 1586 Aeschyli
771 1541 899 1574 fabulas
923 1541 1095 1582 debemus,
1120 1540 1309 1572 auctoritate
1330 1547 1361 1572 et
1382 1540 1446 1572 fide
1468 1541 1691 1583 quaerendum
1713 1553 1786 1574 esse

44 1597 210 1638 intellexi,
233 1597 265 1629 id
290 1597 375 1639 quod
397 1609 416 1628 a
438 1596 567 1630 nemine
589 1595 669 1631 satis
692 1602 840 1627 accurate
866 1595 990 1628 factum
1010 1595 1168 1632 mirabar,
1216 1595 1331 1637 Itaque
1359 1607 1412 1633 me
1441 1596 1653 1638 accingebant
1680 1597 1721 1629 ad
1742 1598 1785 1630 li-

44 1651 180 1689 brorum
207 1652 340 1685 illorum
366 1658 518 1683 naturam
550 1656 581 1681 et
608 1649 767 1681 rationem
789 1649 1045 1692 explorandam3
1078 1661 1176 1692 qnam
1198 1661 1269 1681 rem
1292 1656 1424 1681 strenue
1446 1662 1620 1692 aggressus
1647 1652 1704 1683 ubi
1725 1664 1786 1695 per

45 1705 175 1749 aliquod
196 1713 323 1750 tempus
347 1705 505 1747 tractavi,
528 1716 596 1737 non
617 1703 723 1736 solum
744 1714 826 1747 quae
847 1702 1060 1738 intercederet
1080 1705 1166 1745 inter
1188 1704 1337 1747 singulos
1359 1705 1461 1738 libros
1481 1705 1679 1748 cognationis
1697 1706 1784 1739 ratio

44 1766 75 1790 et
97 1770 180 1801 qnae
200 1758 314 1800 cuique
341 1760 425 1791 fides
448 1760 598 1792 habenda
626 1765 726 1798 esset,
757 1758 959 1801 perspicere,
992 1760 1047 1791 sed
1070 1760 1167 1792 etiam
1188 1760 1346 1793 vitiorum
1368 1760 1545 1791 multorum
1568 1767 1598 1792 et
1620 1760 1805 1802 originema

44 1812 191 1857 delegere
213 1820 245 1845 et
266 1813 523 1850 emendationem
543 1813 692 1847 invenire
714 1812 794 1844 mihi
815 1811 965 1849 videbar.
1008 1813 1140 1847 Horum
1163 1814 1344 1847 studiorum
1366 1814 1528 1856 specimen
1550 1813 1667 1853 edendi
1689 1826 1785 1848 ocea-

44 1867 168 1900 sionem
191 1875 324 1909 nactus,
356 1880 398 1900 ne
420 1869 522 1901 nimia
545 1866 708 1901 scribendi
729 1866 861 1899 materia
889 1866 1049 1912 impediar
1070 1877 1167 1913 atque
1193 1869 1330 1906 obruar,
1359 1867 1396 1899 in
1425 1866 1585 1911 exemplis
1607 1868 1784 1902 afferendis

44 1913 140 1958 unius
161 1929 288 1957 tantum
310 1923 458 1965 fabulae,
480 1936 562 1968 quae
585 1931 616 1957 et
638 1921 882 1967 corruptissima
904 1929 951 1955 est
973 1930 1005 1956 et
1020 1925 1198 1958 maximea
1211 1923 1292 1957 viris
1315 1922 1417 1956 doctis
1438 1923 1600 1967 neglecta,
1621 1924 1785 1958 rationem

45 1977 189 2025 habebo,
212 1978 413 2026 supplicum.

110 2044 113 2045 ⁷
150 2032 237 2067 Sunt
255 2043 363 2069 autem
386 2044 509 2081 septem
529 2036 736 2081 potissimum
757 2034 854 2077 libri,
876 2042 943 2069 tres
967 2036 1090 2071 codices
1112 2043 1144 2069 et
1166 2042 1318 2079 quattuor
1339 2034 1517 2077 editiones,
1541 2035 1660 2079 quibus
1681 2035 1784 2069 edito-

44 2100 95 2121 ηδ
116 2088 152 2121 ῖῐῑ
170 2088 270 2128 111ιί118
293 2092 516 2133 emendatione
543 2092 677 2133 fabulae
698 2091 750 2126 nsi
770 2099 864 2132 sunt3
893 2103 1033 2136 quorum
1049 2090 1187 2132 ‚nomina
1207 2090 1290 2125 haec
1305 2090 1449 2128 habeto:
1478 2091 1586 2125 codex
1606 2090 1784 2133 Medicam,

1502 2151 1521 2185 l
1535 2153 1548 2169 t

1869 620 1883 776 §uhu—*a-
