1892 2442
785 92 848 104 ...-
897 75 932 129 5
983 92 1049 109 1-

100 183 361 233 ffl-feelaro.
382 183 563 227 {ml-isset
606 186 737 233 ⁴Quae
763 195 841 230 res,
878 194 951 232 per
979 185 1145 223 se-ufis'
1162 186 1321 233 quidem
1353 186 1559 232 mirabilis,
1594 187 1638 223 in
1668 187 1745 225 hoo

101 253 200 293 mihi
226 254 478 290 excusationis
504 254 647 302 aliquid
672 254 812 291 habere
836 253 1007 300 videtur,
1042 255 1146 302 quod
1171 256 1242 291 sub
1268 256 1556 303 Euthyphronis
1581 267 1742 303 persom

101 323 300 362 Platonem
332 323 507 372 vulgares
537 322 828 360 Atheniensium
863 322 910 358 de
940 324 1053 359 rebus
1087 323 1223 360 divinis
1258 324 1455 371 opiniones
1488 326 1742 375 perstringere

102 401 228 441 atque.
237 392 464 441 redarguere
477 393 648 436 *voluisse
675 403 833 438 censeo,
860 393 965 439 quod
989 394 1069 430 iam
1095 405 1119 430 a
1143 394 1337 429 Numenio
1363 395 1406 430 in
1433 394 1625 442 deperdito
1641 395 1740 431 libro

101 460 263 521 τεςῖγόν
281 459 384 514 nuga*
403 457 565 501 malvam
578 459 793 515 εἰποῤῥῆτων,
818 474 912 503 teste
937 467 1104 503 Eusebio
1129 478 1260 516 praep.
1285 468 1428 517 Evang.
1455 468 1551 504 XIII
1583 479 1622 515 p.
1651 468 1742 514 650,

101 536 405 572 animadversum
431 533 505 582 est,
539 545 579 573 et
602 537 645 572 in
670 548 760 584 quo,
786 544 832 573 ut
856 536 973 573 modo
999 536 1225 583 videbimus,
1244 537 1470 584 primarium
1489 536 1630 585 dialogi
1656 548 1743 573 con-

99 604 229 641 silium
254 605 475 653 ponendum
510 605 682 642 arbitror.

206 675 280 710 Sed
312 675 358 709 de
400 675 619 711 auctoritate
651 676 742 710 libri
763 675 835 710 hac
859 682 992 722 tenus5
1010 673 1215 722 reliquas,
1254 687 1346 723 quas
1377 675 1505 712 Astius
1530 673 1654 711 movit
1679 686 1744 711 su·

99 742 304 791 spiciones,
330 743 599 779 Stallbaumius
625 739 927 780 luculentissime
951 744 1154 794 redarguit.

203 812 458 848 Transeamus
485 813 531 848 ad
556 814 715 851 alteram
741 814 971 860 quaestionis
996 822 1155 861 partem,
1182 826 1259 861 quo
1286 813 1426 850 scilicet
1452 812 1609 849 consilio
1629 811 1738 848 Plato

101 878 294 930 dialogum
321 881 581 929 conscripsisse
604 882 811 918 censendus
835 882 893 918 sit.

204 950 329 996 Atque
362 951 426 986 hic
457 962 537 986 non
567 951 677 987 facile
703 964 725 988 a
750 964 814 988 me
840 953 1045 1000 impetrare
1069 965 1247 1001 possum,
1287 960 1333 988 ut
1358 952 1448 988 cum'
1473 948 1737 994 staubaumio‚
1771 998 1774 1000 Ι

99 1016 435 1055 Schleiermacheri
461 1020 698 1068 aliorumque
722 1022 881 1071 vestigia
906 1030 1059 1069 secuto,
1100 1019 1329 1070 primarium
1361 1020 1565 1057 eonsilium
1600 1020 1642 1054 in
1669 1019 1738 1055 So·

100 1089 224 1133 cratis,
249 1083 456 1136 impietatis
481 1101 504 1125 a
527 1090 665 1127 Melite
693 1086 867 1138 accusati,
895 1092 1114 1128 defensione
1131 1091 1334 1128 inveniam.
1385 1090 1595 1127 Audiamus
1609 1089 1738 1136 ipsuni

98 1154 415 1203 smnbaumium,
453 1158 497 1192 in
519 1160 752 1204 praefatione
778 1159 954 1196 editionis
979 1172 1071 1196 suae
1096 1161 1150 1196 sic
1175 1162 1409 1207 loquentem.
1418 1160 1444 1181 “
1504 1160 1656 1205 Itaque,
1691 1166 1738 1194 ut

101 1226 225 1262 dicam
253 1225 345 1273 quid
370 1237 440 1273 pro
466 1238 554 1262 vero
580 1224 802 1262 habendum
826 1224 1017 1271 videatur,
1043 1225 1084 1261 id
1107 1226 1258 1261 Platoni
1279 1225 1321 1260 in
1345 1224 1625 1272 Euthyphrone
1649 1227 1737 1262 scri-

100 1295 225 1330 bendo
268 1294 508 1341 propositum
540 1295 639 1338 fuit,
677 1302 724 1329 ut
755 1293 949 1329 Socratem
984 1295 1126 1339 injuria
1155 1293 1360 1340 impietatis
1399 1303 1616 1330 aemisatum
1657 1308 1737 1332 esse

100 1363 445 1410 Atheniensesque,
474 1363 514 1399 h.
542 1373 573 1399 e.
599 1370 721 1408 vates,
747 1362 974 1408 sacerdotes,
1005 1371 1156 1411 poetas,
1190 1362 1373 1409 sophistas
1400 1363 1566 1410 aliosque
1592 1365 1738 1419 patriae

101 1433 379 1480 superstitionis
399 1440 714 1482 propugnatores,
742 1433 788 1468 de
810 1440 890 1469 tnta
915 1433 986 1468 hac
1010 1441 1121 1468 causa
1148 1440 1248 1467 recte
1273 1432 1439 1476 judicare
1463 1444 1542 1467 non
1568 1434 1735 1480 potuisse

103 1502 324 1538 ostenderet.
377 1503 502 1550 Atque
538 1502 611 1537 hoc
647 1500 802 1548 quidem
834 1501 1061 1550 primarium
1087 1501 1226 1550 dialogi
1251 1501 1453 1536 consilium
1480 1512 1559 1537 esse
1584 1503 1738 1538 arbitra-

101 1574 251 1607 rnur.“-
286 1573 405 1617 Cujus
431 1573 488 1608 rei
512 1572 622 1607 hasce
645 1571 767 1608 adfert
787 1582 934 1617 causas,
958 1583 1051 1618 quas
1077 1571 1294 1619 diligentius
1319 1571 1493 1619 deinceps
1518 1572 1736 1608 examinare

100 1640 143 1676 in
173 1641 302 1677 animo
329 1648 397 1677 est.

204 1711 259 1745 Ac
298 1711 470 1757 'primum
503 1710 657 1757 quidem
670 1735 682 1755 ‚
725 1709 827 1757 quod
857 1717 1074 1758 temporum
1110 1722 1155 1747 ac
1192 1715 1440 1758 personarum
1469 1709 1617 1746 ratione
1653 1710 1736 1749 dili-

101 1786 237 1828 genter
263 1779 375 1815 dueta
401 1779 570 1816 Socrates
602 1791 680 1825 „eo
706 1780 788 1826 ipso
814 1786 1008 1826 tempore,
1048 1791 1123 1827 quo
1151 1791 1173 1815 a
1196 1780 1332 1815 Melito
1358 1778 1564 1826 impietatis
1591 1790 1739 1815 accusa-

99 1855 162 1883 tus
189 1859 340 1884 causam
366 1860 475 1884 suam
501 1849 667 1885 dicturus
694 1856 773 1892 est,
800 1859 889 1883 cum
914 1848 1193 1897 Euthyphrone
1218 1848 1491 1894 c'ouoquitur.‘5
1542 1849 1610 1892 At,
1644 1848 1734 1894 quia

100 1917 207 1953 Plato
234 1912 528 1965 disputationem
562 1928 608 1953 eo
641 1925 816 1965 tempore
846 1916 1016 1953 habitam
1048 1918 1179 1966 fingit,
1219 1917 1309 1952 inde
1341 1927 1421 1951 non
1459 1924 1737 1963 sequatur-ene·

102 1992 202 2023 cesse
227 1994 304 2031 est,
340 1998 426 2023 eam
452 1986 588 2023 eodem
608 1995 781 2035 tempore
808 1997 891 2022 esse
914 1995 1137 2024 contextam.
1190 1986 1293 2022 Mihi
1318 1985 1493 2033 quidem,
1523 1985 1598 2021 nisi
1622 1986 1735 2033 plane

100 2053 232 2101 fallor,
268 2062 348 2092 tota
382 2054 598 2104 disputandi
628 2056 724 2092 ratio
759 2056 917 2094 omnino
945 2057 1070 2092 aliena
1094 2056 1243 2093 videtur
1267 2067 1289 2091 a
1315 2054 1541 2100 defensionis
1568 2055 1737 2092 consilio.

100 2125 211 2160 Anne
230 2135 284 2161 ²re
313 2136 401 2161 vera
432 2125 673 2173 putabimus,
700 2125 975 2173 philosophum
999 2125 1232 2173 praeceptori
1255 2135 1327 2161 suo
1355 2124 1609 2171 quodcunque
1630 2124 1739 2167 auxi-

99 2190 199 2229 lium
223 2192 315 2230 ferri
340 2206 449 2242 posse
477 2190 676 2244 opinatum
697 2206 782 2231 esse
806 2195 959 2240 libello,
1000 2206 1077 2241 quo
1108 2194 1198 2235 istas
1232 2193 1279 2230 de
1298 2194 1475 2231 Deorum
1506 2193 1594 2229 rixis
1621 2201 1737 2242 atque
