1892 2442
769 67 1131 108 -13—

391 182 542 217 Τοιαῦτα
564 178 685 216 πάθεα
705 179 811 224 μέλεα
832 177 1004 228 θρεομένα
1026 178 1061 214 δ’
1084 179 1168 225 ἑνῶν

388 235 484 280 λιγέα
506 235 615 282 βαρέα
638 236 860 281 δακρυοπετῆ,

388 304 439 338 ιη,
469 289 519 338 ἶὴ,
543 290 729 337 ἰηλέμοισιν
750 291 909 339 ἐμπρεπῆ

391 346 473 387 ζῶσι
495 345 588 390 γόοις
608 358 652 388 με
672 347 771 388 τιμῶ.

163 403 204 435 In
225 408 391 446 postremo
404 405 512 436 'versu
534 401 615 441 ζῶσι
636 413 696 446 pro
716 401 806 442 ζῶσα
828 401 960 447 scripsi3
982 413 1059 434 nam
1081 408 1229 435 mortuus
1249 413 1348 435 nemo
1369 414 1405 435 se
1426 404 1540 446 lugere
1561 409 1684 447 potest,
1705 400 1822 435 et-Ao-

78 459 215 504 schylus
239 456 269 490 si
289 468 364 489 eam
385 456 641 501 oppositionem,
664 469 763 500 quam
782 457 940 491 indicavit
960 457 1166 501 Bamberger
1186 458 1222 491 in
1243 455 1440 491 Ziminerm.
1463 456 1560 491 Diar.
1584 457 1681 492 1839.
1702 457 1822 502 13880,

76 513 208 545 efficere
230 511 404 551 voluisset,
433 511 568 543 videtur
596 510 701 551 ζῶσαν
729 511 911 555 scripturus
940 513 1053 545 fuisse.
1103 513 1159 545 De
1187 525 1224 546 ea
1252 513 1344 546 voci·
1368 511 1423 557 ζῆν
1445 524 1544 556 quam
1565 520 1669 544 statuo
1690 511 1823 545 notione

75 568 117 603 cs.
131 592 142 610 ,
165 579 247 611 quos
270 566 384 599 citavit
401 564 511 599 Weu.
535 566 577 599 ad
596 567 665 608 Ag
685 566 759 601 793
782 583 835 591 —
858 565 1013 601 Ceterum
1034 580 1096 613 pro
1118 566 1224 613 λέγων
1244 567 1367 613 ambigi
1388 565 1493 613 potest
1513 579 1556 600 an
1578 565 1715 611 λέγειν,
1735 566 1821 629 quod

74 624 216 669 pendeat
238 634 283 655 ex
305 620 430 664 μέλεα,
454 623 681 666 reponendum
703 623 755 656 sit.

161 678 206 711 V.
227 678 302 711 810.
334 676 484 722 πρόξενα
504 689 565 722 pro
587 674 732 721 πράξαν.
775 678 854 710 822.
878 675 1048 721 ὀλόμεναι.

161 788 254 822 Haec
282 788 323 820 de
344 787 508 821 Turnebo
537 789 614 821 satis
641 789 726 821 dicta
755 796 848 828 sunt}
879 790 971 823 cuius
1001 791 1174 823 editionem
1200 790 1235 823 in
1264 789 1475 834 supplicibus
1502 789 1632 833 quidem
1651 788 1822 823 victorin

73 844 269 888 plerumque
292 850 423 876 secutus
445 850 510 884 est,
533 844 579 876 ita
603 851 729 886 tamen,
751 852 790 877 ut
810 846 985 877 nonnullas
1008 845 1162 878 lectiones
1185 857 1230 877 ex
1251 844 1498 878 Robortelliana
1519 845 1688 888 reciperet.
1737 843 1823 878 Pro-

72 898 146 942 pria
169 909 274 941 pauca
296 897 409 939 habet,
440 911 521 941 quae
549 910 595 930 ex
624 899 827 941 coniectura,
856 907 894 932 ut
921 899 1067 942 videtur,
1097 901 1242 944 profecta
1270 908 1301 933 et
1322 900 1440 944 partim
1467 911 1553 933 vera‘
1572 900 1690 944 partim
1712 899 1822 933 minus

73 960 162 985 recte
183 951 332 984 instituta
356 960 443 985 sunt.
488 953 583 995 Quae
605 965 797 986 enumerare
819 953 930 986 omnia
952 966 1052 997 quum
1074 967 1135 989 nec
1155 955 1377 988 necessarium
1400 954 1548 987 videatur
1574 966 1679 997 neque
1700 953 1824 988 condu-

74 1007 189 1048 cibile,
222 1019 328 1039 unum
361 1014 487 1039 tantum
519 1010 707 1051 exemplum
740 1010 902 1050 tractabo,
935 1009 1019 1052 quod
1055 1021 1095 1040 ne
1126 1021 1214 1041 nunc
1242 1010 1373 1052 quidem
1396 1009 1476 1041 satis
1499 1009 1704 1041 emendatum
1732 1015 1823 1052 puto·

72 1062 121 1095 V.
148 1063 224 1095 160
248 1061 416 1094 Victorius
447 1059 634 1101 ἐπεύξεται
661 1063 779 1104 edidit,
813 1074 874 1107 pro
906 1075 970 1106 quo
1002 1060 1170 1101 ενεύξεται
1200 1063 1248 1094 Μ.
1278 1061 1313 1094 ἕν
1339 1060 1471 1101 εύξεται
1496 1063 1541 1095 A.
1574 1059 1746 1101 ἆνεύξᾶται
1776 1061 1823 1096 R

73 1116 228 1158 ἀνέξεται
249 1118 296 1151 Τ.
345 1118 489 1151 Probari
510 1132 598 1151 nunc
621 1119 700 1151 solet
722 1119 776 1161 id,
806 1119 893 1163 qnod
924 1125 971 1152 est
993 1119 1028 1151 in
1052 1119 1162 1161 Glasg.
1193 1115 1267 1151 ἐνέζ
1248 1129 1357 1159 εται,
1387 1129 1470 1161 quae
1492 1117 1675 1150 emendatio
1697 1125 1733 1151 ut
1754 1129 1823 1151 non

71 1173 301 1217 improbabilis
325 1173 473 1214 videtur,
491 1160 541 1206 sta
562 1187 627 1207 non
651 1175 731 1207 adeo
754 1184 842 1207 certa
865 1183 930 1215 est,
954 1182 988 1206 ut
1012 1173 1154 1205 dubitari
1175 1185 1243 1205 non
1265 1173 1368 1205 liceat.
1406 1172 1519 1214 Quum
1542 1183 1579 1204 ευ
1601 1179 1632 1203 et
1653 1182 1676 1203 α
1696 1172 1824 1204 litterae

72 1228 262 1273 saepissime
292 1227 378 1260 inter
408 1240 445 1260 se
472 1230 653 1272 permutari
683 1231 825 1271 soleant,
852 1229 1031 1263 videndum
1054 1234 1102 1260 est
1125 1239 1167 1259 an
1188 1235 1283 1271 poeta
1306 1224 1458 1266 ἕνάξεται
1480 1226 1623 1268 dederit,
1652 1228 1739 1269 quod
1761 1227 1823 1260 du-

72 1283 190 1328 plicem
213 1282 414 1326 explicatum
435 1283 544 1324 habet,
568 1292 603 1316 ut
625 1293 679 1316 aut
693 1285 915 1325 ‚,inducetur“
929 1292 983 1316 aut
995 1283 1249 1324 „accusabitnr“
1260 1283 1429 1326 significet.
1455 1283 1553 1326 Quod
1570 1291 1677 1316 autem
1698 1284 1824 1317 mediae

72 1340 200 1373 formae
223 1340 391 1383 passivam
414 1338 583 1371 notionem
610 1340 805 1380 tribuimus,
834 1339 869 1371 in
899 1350 937 1371 eo
966 1351 1063 1372 nemo
1092 1339 1249 1380 offendet3
1280 1339 1371 1371 cuius
1400 1339 1450 1372 rei
1471 1340 1624 1383 exempla
1646 1339 1823 1383 Euripiden

75 1395 236 1438 congessit
258 1405 363 1438 nuper
387 1392 572 1426 Firnhaber
593 1394 629 1426 in
650 1395 736 1427 libro
759 1395 799 1427 de
824 1406 913 1427 vers.
930 1393 1048 1436 Eurip.
1068 1392 1190 1426 iniuria
1213 1394 1385 1437 suspectis.
1417 1393 1470 1427 Cf.
1483 1393 1586 1426 Well.
1613 1394 1651 1425 ad
1675 1393 1835 1438 Choeph.»

71 1450 147 1482 303.
193 1448 365 1492 Aeschylo
397 1461 501 1481 unam
531 1449 601 1481 eius
634 1451 761 1492 generis
794 1451 934 1483 formam
968 1451 1053 1482 hanc
1083 1458 1198 1482 nactus
1228 1450 1504 1493 opportunitatem
1525 1449 1704 1482 restituam.
1752 1449 1820 1493 Ag.

71 1516 109 1537 v.
132 1503 206 1536 164.
241 1503 278 1534 in
312 1503 477 1545 plerisque
510 1504 605 1535 libris
636 1512 683 1535 est
718 1502 815 1537 οὐδὲν
845 1504 940 1544 λέξαι
971 1503 1051 1547 πρὶν
1081 1500 1146 1544 ὦν,
1186 1505 1272 1546 quod
1303 1515 1403 1547 quum
1426 1511 1544 1535 >metro
1578 1505 1819 1546 adversaretur,

72 1558 271 1593 Schuetzius
295 1555 393 1592 οὐδὲν
411 1554 452 1591 ἂν
470 1557 566 1597 λέξαι
577 1558 658 1605 πρὶν
669 1555 716 1592 dh·
737 1560 943 1601 emendavit,
965 1561 1061 1603 idque
1084 1560 1229 1604 plerique
1252 1560 1486 1604 probaverunt.
1531 1558 1597 1592 Sed
1619 1571 1661 1591 ne
1682 1558 1728 1591 sic
1750 1560 1823 1604 qui-

71 1616 146 1648 dem
170 1624 276 1647 metro
302 1615 378 1647 satis
404 1625 610 1658 prospectum
634 1623 698 1656 est,
730 1628 830 1657 quum
860 1625 976 1658 quarta
1004 1617 1045 1649 ab
1067 1616 1159 1648 initio
1182 1616 1313 1660 syllaba
1340 1616 1452 1648 brevis
1476 1627 1544 1648 esse
1568 1615 1690 1647 debeat.
1734 1613 1823 1649 Nam

71 1672 100 1704 si
121 1672 232 1715 plures
263 1670 362 1702 huius
398 1669 527 1711 generis
558 1682 676 1702 versus
698 1667 743 1695 -ss
761 1685 780 1702 υ
800 1689 842 1694 -
860 1684 879 1702 υ
898 1689 939 1694 -
961 1686 980 1703 υ
1001 1692 1039 1696 -
1063 1671 1097 1703 in
1119 1683 1224 1703 unum
1246 1678 1392 1716 systema
1414 1670 1671 1712 coniunguntur,
1694 1670 1823 1715 syllaba

72 1730 191 1770 anceps
223 1726 333 1758 locum
365 1725 484 1757 habere
514 1725 634 1768 nequit.
696 1726 809 1769 Atque
842 1726 877 1758 in
906 1720 1044 1768 'reliquis
1074 1726 1164 1758 illius
1195 1725 1348 1758 carminis
1386 1725 1537 1757 versibus
1566 1732 1660 1769 poeta
1694 1737 1824 1769 semper

71 1782 207 1814 brevem
230 1781 396 1825 syllabam
419 1779 578 1812 servavit.
614 1779 724 1822 Quum
747 1781 850 1823 igitur
871 1780 906 1813 in
929 1780 1127 1823 quibusdam
1148 1781 1243 1813 libris
1266 1777 1365 1813 οὐδὲν
1385 1792 1420 1813 τι
1441 1778 1564 1819 πλέξαι
1584 1781 1724 1822 legatur,
1749 1773 1824 1813 oiim

73 1835 205 1874 λέξεται
227 1833 309 1878 πρὶν
331 1830 378 1865 ὢν
398 1835 438 1866 ab
461 1834 634 1878 Aeschylo
668 1835 825 1878 scriptum
855 1835 957 1866 fuisse
989 1836 1148 1877 suspicor.
1200 1834 1243 1867 ln
1264 1835 1459 1878 Supplicum
1489 1842 1597 1866 autem
1623 1845 1724 1867 versu
1745 1833 1823 1867 vide

71 1903 114 1924 ne
143 1890 300 1932 graviore
328 1889 455 1922 medela
486 1901 568 1932 opus
600 1889 660 1929 sit,
689 1889 733 1921 ita
762 1897 798 1921 ut
827 1888 997 1931 ἑλέγξεται
1026 1889 1201 1922 scribatur.
1252 1888 1326 1921 Hoc
1348 1901 1414 1921 nun
1435 1888 1479 1921 ita
1499 1890 1641 1921 multum
1662 1887 1760 1921 distat
1780 1889 1823 1922 ab

72 1943 257 1986 ἐνεύξεται,
290 1955 392 1986 quum
419 1946 456 1975 N
476 1951 508 1975 et
528 1945 569 1976 A
596 1943 722 1975 litterae
753 1944 880 1986 saepius
909 1944 1164 1977 confundantur.
1220 1943 1280 1977 Sic
1307 1946 1462 1978 v.1002.
1490 1942 1591 1986 μένος
1611 1944 1647 1974 in
1668 1943 1821 1977 omnibus

72 2000 166 2033 libris
189 2000 311 2042 legitur
331 2011 392 2043 pro
414 1997 529 2042 μέλος.
573 2000 647 2035 903.
672 1995 750 2040 μάλ’
775 1998 822 2030 Μ.
846 1998 885 2031 R.
930 1996 999 2041 μάν
1022 1999 1063 2033 G.
1086 1997 1130 2031 A.
1175 2000 1251 2033 381.
1283 1995 1575 2044 δυσπαρθενήτοις
1594 1996 1637 2031 Ρ
1658 2009 1720 2042 pro
1742 1997 1822 2031 δυσ-

74 2053 314 2101 παρθέλκτοις.
