1892 2442
168 701 768 751 DE—E-UTHYPHRONIS
802 702 1131 740 PLATONICI
1162 702 1595 755 AUCTORITAfrE
1621 705 1700 742 ET

784 770 1085 811 CONSILIO-

114 872 276 957 Quum
308 907 405 944 mihi
437 907 647 945 secundum
680 917 832 946 senatus
864 920 926 946 res
959 919 1079 946 sacras
1104 916 1144 945 et
1168 908 1402 956 scholasticas
1428 909 1594 947 curantis
1616 921 1749 947 recem

110 980 359 1016 constitutum
387 982 566 1027 edictum,
593 995 669 1030 quo
693 983 979 1030 gymnasiorum
1004 984 1307 1032 programmatis,
1335 985 1540 1031 quotannis
1560 985 1747 1032 prodeun-

109 1047 225 1092 tibus,
251 1049 390 1085 eruditi
414 1049 555 1086 laboris
582 1051 773 1098 specimen
799 1050 942 1098 aliquid
968 1063 990 1086 a
1014 1051 1133 1097 primi
1159 1049 1299 1087 ordinis
1323 1051 1629 1099 praeceptoribus
1643 1064 1748 1098 prae-

106 1115 176 1163 figi
200 1117 373 1161 jubetur,
405 1117 446 1153 id
470 1129 611 1153 munus
638 1119 863 1155 mandatum
888 1127 1000 1173 esset:
1027 1119 1261 1165 aliquamdiu
1283 1120 1468 1155 fluctuans
1493 1120 1673 1156 haesitavi
1699 1116 1746 1155 de

108 1182 342 1217 subiicienda
361 1182 520 1218 materie
539 1182 645 1229 operi
670 1181 818 1217 tantillo
835 1182 934 1216 intra
959 1189 1168 1227 paucarum
1192 1187 1428 1228 pagellarum
1452 1187 1618 1229 spatium
1644 1198 1743 1220 coer·
1771 1215 1773 1217 .

109 1249 247 1294 nendo,
274 1250 394 1285 donec
417 1250 535 1285 incidi
558 1250 601 1285 in
625 1249 792 1285 Platonis
817 1248 1156 1296 Euthyphronem,
1183 1259 1259 1295 quo
1285 1249 1505 1297 explicando
1532 1251 1742 1288 adolescen-

106 1318 203 1353 tulis-
231 1317 427 1353 nonnullis
449 1317 554 1353 horis
579 1317 783 1354 subsecivis
808 1318 911 1353 viam
937 1317 985 1352 ad
1009 1315 1250 1352 intellectum
1273 1328 1434 1364 operum
1458 1318 1741 1356 Platonicorum

104 1387 316 1434 patefacere
339 1386 438 1423 mihi
470 1386 678 1435 proposui,
709 1394 750 1422 et
780 1386 824 1421 in
849 1397 945 1434 quo,
990 1385 1060 1422 etsi
1091 1384 1234 1421 recenti
1263 1393 1455 1433 tempore,
1495 1387 1685 1436 imprimis
1718 1402 1740 1426 a

103 1456 325 1501 nuperrimo
352 1455 513 1499 huiusce
539 1455 678 1503 dialogi
703 1454 866 1499 editore,
898 1454 1115 1489 doctissimo
1137 1453 1405 1499 Stallbaumio,
1439 1462 1520 1490 tam
1544 1457 1669 1492 multa
1692 1459 1738 1493 de

102 1533 148 1558 eo
182 1530 273 1559 sunt
308 1524 518 1571 disputata,
557 1531 602 1559 ut
639 1522 703 1558 vix
744 1522 972 1569 quidquam,
1012 1530 1080 1558 aut
1112 1520 1158 1557 de
1173 1507 1177 1510 “
1191 1520 1311 1557 libelli
1336 1521 1557 1559 auctoritate
1582 1532 1622 1560 et
1646 1525 1735 1569 fide,

102 1590 326 1640 impugnata
360 1593 408 1628 ab
442 1592 546 1628 Astio
579 1591 623 1627 in
653 1591 753 1627 libro
785 1590 833 1626 de
866 1590 1033 1627 Platonis
1064 1590 1140 1626 vita
1164 1598 1205 1625 et
1229 1590 1396 1637 scriptis,
1433 1599 1500 1626 aut
1530 1591 1576 1627 de
1602 1594 1739 1628 consti-

102 1660 245 1696 tuendo
282 1661 421 1711 dialogi
456 1643 611 1697 consilio
645 1668 758 1708 atque
791 1666 1038 1709 argumento,
1079 1665 1146 1694 aut
1177 1655 1341 1704 denique
1372 1657 1419 1694 de
1452 1658 1611 1709 singulis
1644 1660 1738 1697 locis

101 1729 364 1776 explanandis,
399 1729 485 1765 addi
508 1740 617 1777 posse
642 1728 830 1774 videatur,
866 1727 1054 1764 nonnulla
1078 1735 1208 1763 tamen
1232 1733 1392 1772 restant,
1422 1737 1537 1773 quae,
1579 1739 1668 1764 cum
1694 1731 1736 1765 in

102 1799 355 1835 controversia
379 1798 446 1834 illa
480 1797 527 1833 de
558 1798 649 1835 libri
681 1797 755 1834 fide
789 1796 1069 1842 constituenda,
1109 1803 1197 1832 tum
1228 1795 1270 1830 in
1304 1796 1477 1844 opusculi
1509 1796 1666 1832 consilio
1699 1806 1738 1833 et

101 1864 178 1900 fine
204 1869 412 1905 accuratius
440 1865 681 1913 delineando‚
713 1865 873 1911 alicujus
898 1866 1087 1901 momenti
1112 1864 1306 1909 videntur,
1345 1876 1517 1912 quaeque
1543 1877 1647 1902 nunc
1673 1866 1735 1902 ad-

96 1932 195 1972 ferte
221 1935 330 1981 volo,
371 1947 452 1973 non
476 1935 590 1984 plane
614 1946 748 1984 expers
771 1934 874 1971 illius
903 1933 1137 1978 timiditatis,
1178 1943 1276 1979 quae
1307 1930 1510 1969 sollicitare
1535 1934 1633 1970 solet
1657 1935 1736 1970 ani-

95 2011 206 2051 mum
232 2004 359 2050 illius,
377 2005 463 2051 -qui
486 2004 659 2052 primum
684 2004 827 2052 aliquid
850 2003 996 2053 publici
1020 2003 1115 2039 iuris
1139 2002 1313 2039 emittere
1340 2010 1508 2039 conatur.

194 2073 256 2109 Λα
278 2065 463 2122 Ρτίωωτί
488 2073 644 2120 quidem
675 2073 890 2118 videamus,
931 2071 1023 2120 quid
1055 2069 1301 2108 statuendum
1333 2070 1384 2106 sit
1415 2071 1460 2106 de
1496 2067 1635 2121 dialogi
1669 2081 1735 2107 au·

93 2139 263 2181 ctoritate
289 2143 336 2179 ab
363 2142 467 2179 Astio
493 2142 669 2188 infracta,
695 2142 839 2195 quain
862 2151 905 2178 re
931 2141 1082 2195 brevior
1106 2150 1185 2177 esse
1210 2148 1366 2188 potero,
1400 2150 1522 2187 quum
1544 2139 1736 2178 stanbau-
